2614 4476
269 248 337 326 158

108 369 110 376 '
232 395 274 446 ac
299 396 326 472 9
350 370 391 442 in
415 363 556 442 casibus
582 363 830 442 observatores
861 363 957 441 latua
986 389 1066 442 non
1096 368 1198 442 indi-

233 503 412 568 caverant.
436 487 617 587 Pilarum,
642 489 792 587 ossium,
818 487 984 562 dentium
997 489 1039 561 in
1060 493 1196 565 orariis

159 617 164 632 “
225 635 421 714 ιιιιιιιιῐιιειιιι
456 609 531 684 fere
571 635 649 684 non
685 608 835 708 adipoea
864 610 1053 712 materia,
1085 635 1196 712 saepo

122 727 126 732 ’
232 737 342 810 etiam
364 731 456 808 varii
479 727 609 807 scirrhi
634 755 676 806 ac
702 729 802 804 haud
824 731 928 831 parvi
953 744 1113 804 tumores
1139 757 1197 804 so-

208 835 300 929 'lidi
325 855 475 930 comites
499 865 604 949 sunt,
629 850 728 924 unde
751 850 913 924 fortassis
942 863 980 922 et
1008 849 1121 948 horae
1152 853 1196 924 in

167 981 172 989 '
233 974 358 1050 dextro
389 974 511 1074 potius
545 996 718 1072 apparere
751 971 875 1066 orario
900 969 1003 1043 haud
1024 971 1102 1044 eine
1128 969 1197 1044 ali·

234 1120 304 1194 qua
329 1075 491 1170 veritatis
516 1094 636 1194 speeie
662 1091 933 1194 suspiciendum
957 1107 1021 1168 est.
1100 1097 1107 1107 '

305 1221 330 1306 ᾗ.
363 1239 440 1313 117.
474 1216 587 1288 Istam
619 1214 825 1298 avariorum
856 1211 1085 1287 efficientiam
1118 1213 1195 1288 for·

229 1337 418 1411 matricem
431 1332 654 1406 abnormiter
669 1348 812 1408 auctam
827 1335 990 1434 proxime
1006 1334 1197 1434 excipiunt

229 1456 455 1557 graviditates
485 1477 587 1529 aerae
616 1457 898 1543 extmuteriaae,
921 1477 1017 1555 quas
1043 1455 1195 1554 quidem

232 1578 463 1654 mennas
474 1573 520 1664 (1)
534 1574 573 1646 in
592 1575 801 1646 universum
817 1571 975 1648 crebrius
990 1574 1198 1656 iar-sinistro

229 1698 342 1776 latere
367 1691 531 1768 anaidem
556 1705 721 1766 autumat
745 1717 855 1792 quam
870 1693 910 1765 in
927 1691 1063 1766 dextro.
1080 1693 1195 1784 Quod

230 1817 318 1892 licet
342 1813 463 1916 quoad
477 1811 763 1890 'abdominalem
786 1827 824 1886 et
848 1811 1028 1886 tabariam
1060 1837 1195 1889 coace-

230 1939 396 2038 ptionam
421 1950 520 2010 extra
546 1933 699 2008 dubium
722 1933 882 2033 positum
904 1933 953 2007 ait
965 1988 976 2032 ,
1002 1947 1110 2034 atque
1145 1936 1196 2008 de
1221 2027 1224 2035 ¹

230 2059 300 2132 hac
333 2084 377 2134 ao
409 2059 519 2132 etiam
550 2074 767 2154 magnopere
801 2055 1055 2152 confirmatur,
1092 2056 1196 2155 quod

230 2177 390 2254 Harmas
413 2179 461 2269 (a)
494 2174 613 2250 decies
646 2175 889 2250 observaverit
920 2175 1102 2248 sinistram
1134 2189 1222 2248 rua

230 2299 334 2397 bam,
358 2322 549 2396 nunquam
573 2294 754 2393 dextram,
779 2296 920 2369 foetam
943 2297 1040 2368 intra
1065 2319 1103 2368 se
1136 2297 1195 2370 fo·

230 2423 368 2516 visses
388 2417 433 2490 ab
473 2442 517 2490 ao
550 2415 743 2489 dilatatam
780 2428 927 2516 ruptam
967 2439 1044 2488 essa
1078 2413 1197 2490 abdo-

230 2563 387 2640 menque
412 2538 584 2637 sanguine
607 2534 821 2612 inundando
836 2550 993 2610 mortem
1008 2534 1195 2611 intulisse:

173 2727 176 2733 .
229 2661 296 2762 pili
312 2675 455 2760 tamen,
469 2683 570 2757 oaaa7
581 2656 724 2757 dantes,
738 2681 852 2758 quum
866 2657 908 2730 in
923 2655 1050 2751 dextro
1067 2659 1195 2731 orario

231 2783 373 2881 saepiam
398 2805 475 2855 aeae
499 2777 715 2880 praebeant,
740 2802 808 2851 nos
832 2778 1012 2852 coniicere
1041 2776 1193 2875 iubent,

230 2927 355 2980 varam
379 2925 525 3002 quoque
550 2900 830 2998 conceptionem
859 2899 1021 2975 orariam
1049 2899 1195 2996 saepius

231 3027 272 3096 in
290 3022 416 3117 dextro
429 3047 538 3124 quam
549 3023 594 3094 in
609 3021 754 3094 sinistro
767 3019 889 3094 adesse
903 2997 1038 3093 orario.
1053 3017 1194 3090 Etiam·

232 3145 263 3215 si
288 3145 385 3216 enim
409 3135 529 3243 partes
550 3139 638 3214 illae
661 3141 779 3214 infimi
803 3139 1082 3238 organisationis
1115 3141 1194 3210 ani·

231 3261 335 3338 malis
361 3261 499 3372 ordinis
524 3285 593 3362 pro
617 3258 778 3360 reliquiis
812 3260 930 3334 foetus
960 3281 1193 3358 nequaqnam

558 3545 855 3570 m

233 3691 276 3748 (ι)
293 3683 333 3736 Εἰ.
348 3685 540 3755 pothotogr'rche
556 3694 636 3738 Anat.
655 3685 686 3734 B.
704 3681 737 3736 lt
755 3698 782 3751 p.
799 3680 857 3747 462.

235 3779 276 3837 (a)
293 3773 388 3828 Hont'a
406 3773 501 3827 Archiv
509 3773 540 3840 fi
555 3773 581 3825 d.
600 3771 664 3825 med.
682 3770 846 3840 Essdrmng.
868 3770 939 3824 ran.
957 3771 987 3820 B.
1005 3767 1027 3820 1.
1046 3785 1074 3838 p.
1092 3768 1133 3822 δι.
