<?xml version="1.0" encoding="UTF-8"?>
<!DOCTYPE html PUBLIC "-//W3C//DTD XHTML 1.0 Transitional//EN"
    "http://www.w3.org/TR/xhtml1/DTD/xhtml1-transitional.dtd">
<html xmlns="http://www.w3.org/1999/xhtml" xml:lang="en" lang="en">
 <head>
  <title>
</title>
<meta http-equiv="Content-Type" content="text/html;charset=utf-8" />
  <meta name='ocr-system' content='tesseract 3.04.00' />
  <meta name='ocr-capabilities' content='ocr_page ocr_carea ocr_par ocr_line ocrx_word'/>
</head>
<body>
  <div class='ocr_page' id='page_1' title='image "./delectusopuscul02frangoog_0026.png"; bbox 0 0 2594 4474; ppageno 0'>
   <div class='ocr_carea' id='block_1_1' title="bbox 1019 319 1045 391">
    <p class='ocr_par' dir='ltr' id='par_1_1' title="bbox 1019 319 1045 391">
     <span class='ocr_line' id='line_1_1' title="bbox 1019 319 1045 391; baseline 0 0"><span class='ocrx_word' id='word_1_1' title='bbox 1019 319 1045 391; x_wconf 89' lang='lat'><strong>9</strong></span> 
     </span>
    </p>
   </div>
   <div class='ocr_carea' id='block_1_2' title="bbox 110 403 1189 514">
    <p class='ocr_par' dir='ltr' id='par_1_2' title="bbox 110 403 1189 514">
     <span class='ocr_line' id='line_1_2' title="bbox 110 403 1189 514; baseline 0.008 -36"><span class='ocrx_word' id='word_1_2' title='bbox 110 407 279 497; x_wconf 86' lang='lat' dir='ltr'><strong>Quorum</strong></span> <span class='ocrx_word' id='word_1_3' title='bbox 312 403 458 504; x_wconf 89' lang='lat' dir='ltr'><strong>quidem</strong></span> <span class='ocrx_word' id='word_1_4' title='bbox 496 405 536 476; x_wconf 89' lang='lat' dir='ltr'><strong>in</strong></span> <span class='ocrx_word' id='word_1_5' title='bbox 572 405 750 504; x_wconf 74' lang='lat' dir='ltr'><strong>posterius</strong></span> <span class='ocrx_word' id='word_1_6' title='bbox 784 407 850 478; x_wconf 83' lang='lat' dir='ltr'><strong>etsi</strong></span> <span class='ocrx_word' id='word_1_7' title='bbox 882 412 1069 508; x_wconf 83' lang='lat' dir='ltr'><strong>proposita</strong></span> <span class='ocrx_word' id='word_1_8' title='bbox 1185 507 1189 514; x_wconf 24' lang='lat'>¹</span> 
     </span>
    </p>
   </div>
   <div class='ocr_carea' id='block_1_3' title="bbox 77 525 1146 2312">
    <p class='ocr_par' dir='ltr' id='par_1_3' title="bbox 77 525 1146 2312">
     <span class='ocr_line' id='line_1_3' title="bbox 110 525 1070 632; baseline 0.01 -36"><span class='ocrx_word' id='word_1_9' title='bbox 110 527 274 624; x_wconf 83' lang='lat' dir='ltr'><strong>quaestio</strong></span> <span class='ocrx_word' id='word_1_10' title='bbox 306 525 430 598; x_wconf 86' lang='lat' dir='ltr'><strong>iubeat</strong></span> <span class='ocrx_word' id='word_1_11' title='bbox 462 527 673 624; x_wconf 85' lang='lat' dir='ltr'><strong>praesertim</strong></span> <span class='ocrx_word' id='word_1_12' title='bbox 710 527 871 598; x_wconf 86' lang='lat' dir='ltr'><strong>animum</strong></span> <span class='ocrx_word' id='word_1_13' title='bbox 909 532 1070 632; x_wconf 78' lang='lat' dir='ltr'><strong>attendi,</strong></span> 
     </span>
     <span class='ocr_line' id='line_1_4' title="bbox 109 645 1070 744; baseline 0.01 -28"><span class='ocrx_word' id='word_1_14' title='bbox 109 645 505 744; x_wconf 85' lang='lat' dir='ltr'><strong>priorisnibilominus</strong></span> <span class='ocrx_word' id='word_1_15' title='bbox 531 646 639 717; x_wconf 89' lang='lat' dir='ltr'><strong>etiam</strong></span> <span class='ocrx_word' id='word_1_16' title='bbox 665 669 833 743; x_wconf 86' lang='lat' dir='ltr'><strong>magnam</strong></span> <span class='ocrx_word' id='word_1_17' title='bbox 862 646 1070 726; x_wconf 80' lang='lat' dir='ltr'><strong>habendam</strong></span> 
     </span>
     <span class='ocr_line' id='line_1_5' title="bbox 108 765 1070 867; baseline 0.008 -29"><span class='ocrx_word' id='word_1_18' title='bbox 108 789 185 840; x_wconf 88' lang='lat' dir='ltr'><strong>esse</strong></span> <span class='ocrx_word' id='word_1_19' title='bbox 212 768 413 864; x_wconf 77' lang='lat' dir='ltr'><strong>rationem,</strong></span> <span class='ocrx_word' id='word_1_20' title='bbox 446 791 465 838; x_wconf 92' lang='lat' dir='ltr'><strong>e</strong></span> <span class='ocrx_word' id='word_1_21' title='bbox 496 767 616 866; x_wconf 89' lang='lat' dir='ltr'><strong>priore</strong></span> <span class='ocrx_word' id='word_1_22' title='bbox 652 765 815 838; x_wconf 89' lang='lat' dir='ltr'><strong>eiusdem</strong></span> <span class='ocrx_word' id='word_1_23' title='bbox 849 772 1070 867; x_wconf 77' lang='lat' dir='ltr'><strong>quaestionis</strong></span> 
     </span>
     <span class='ocr_line' id='line_1_6' title="bbox 108 883 1070 991; baseline 0.007 -32"><span class='ocrx_word' id='word_1_24' title='bbox 108 901 212 988; x_wconf 85' lang='lat' dir='ltr'><strong>parte</strong></span> <span class='ocrx_word' id='word_1_25' title='bbox 239 885 385 986; x_wconf 89' lang='lat' dir='ltr'><strong>prodire</strong></span> <span class='ocrx_word' id='word_1_26' title='bbox 411 883 575 968; x_wconf 80' lang='lat' dir='ltr'><strong>arbitror.</strong></span> <span class='ocrx_word' id='word_1_27' title='bbox 602 884 722 959; x_wconf 86' lang='lat' dir='ltr'><strong>Morbi</strong></span> <span class='ocrx_word' id='word_1_28' title='bbox 750 901 889 987; x_wconf 84' lang='lat' dir='ltr'><strong>autem,</strong></span> <span class='ocrx_word' id='word_1_29' title='bbox 915 915 1070 991; x_wconf 86' lang='lat' dir='ltr'><strong>quorum</strong></span> 
     </span>
     <span class='ocr_line' id='line_1_7' title="bbox 108 1005 1100 1107; baseline 0.006 -28"><span class='ocrx_word' id='word_1_30' title='bbox 108 1008 288 1107; x_wconf 80' lang='lat' dir='ltr'><strong>apparitio</strong></span> <span class='ocrx_word' id='word_1_31' title='bbox 306 1005 429 1078; x_wconf 88' lang='lat' dir='ltr'><strong>localis</strong></span> <span class='ocrx_word' id='word_1_32' title='bbox 448 1005 544 1078; x_wconf 88' lang='lat' dir='ltr'><strong>dicta</strong></span> <span class='ocrx_word' id='word_1_33' title='bbox 571 1007 734 1106; x_wconf 84' lang='lat' dir='ltr'><strong>corporis</strong></span> <span class='ocrx_word' id='word_1_34' title='bbox 751 1005 987 1106; x_wconf 81' lang='lat' dir='ltr'><strong>bipertitione</strong></span> <span class='ocrx_word' id='word_1_35' title='bbox 1005 1011 1068 1084; x_wconf 90' lang='lat' dir='ltr'><strong>de·</strong></span> <span class='ocrx_word' id='word_1_36' title='bbox 1097 1043 1100 1050; x_wconf 93' lang='lat'>·</span> 
     </span>
     <span class='ocr_line' id='line_1_8' title="bbox 105 1106 1069 1231; baseline 0.002 -29"><span class='ocrx_word' id='word_1_37' title='bbox 105 1130 250 1224; x_wconf 78' lang='lat' dir='ltr'><strong>finitur,</strong></span> <span class='ocrx_word' id='word_1_38' title='bbox 276 1125 547 1200; x_wconf 88' lang='lat' dir='ltr'><strong>dimidiatorum</strong></span> <span class='ocrx_word' id='word_1_39' title='bbox 574 1106 722 1200; x_wconf 84' lang='lat' dir='ltr'><strong>nomine</strong></span> <span class='ocrx_word' id='word_1_40' title='bbox 732 1128 901 1226; x_wconf 82' lang='lat' dir='ltr'><strong>insigniri</strong></span> <span class='ocrx_word' id='word_1_41' title='bbox 931 1129 1069 1231; x_wconf 79' lang='lat' dir='ltr'><strong>solent,</strong></span> 
     </span>
     <span class='ocr_line' id='line_1_9' title="bbox 105 1245 1068 1348; baseline 0.004 -28"><span class='ocrx_word' id='word_1_42' title='bbox 105 1249 205 1348; x_wconf 91' lang='lat' dir='ltr'><strong>iique</strong></span> <span class='ocrx_word' id='word_1_43' title='bbox 231 1247 409 1348; x_wconf 83' lang='lat' dir='ltr'><strong>imprimis</strong></span> <span class='ocrx_word' id='word_1_44' title='bbox 441 1248 558 1346; x_wconf 83' lang='lat' dir='ltr'><strong>ipsam</strong></span> <span class='ocrx_word' id='word_1_45' title='bbox 582 1245 689 1328; x_wconf 86' lang='lat' dir='ltr'><strong>nobis</strong></span> <span class='ocrx_word' id='word_1_46' title='bbox 715 1261 901 1322; x_wconf 86' lang='lat' dir='ltr'><strong>revocant.</strong></span> <span class='ocrx_word' id='word_1_47' title='bbox 925 1249 1002 1342; x_wconf 23' lang='lat' dir='ltr'><strong>*Qui</strong></span> <span class='ocrx_word' id='word_1_48' title='bbox 1027 1265 1068 1324; x_wconf 94' lang='lat' dir='ltr'><strong>ut</strong></span> 
     </span>
     <span class='ocr_line' id='line_1_10' title="bbox 84 1361 1069 1467; baseline 0.007 -30"><span class='ocrx_word' id='word_1_49' title='bbox 84 1361 126 1438; x_wconf 78' lang='lat' dir='ltr'><strong>‘a</strong></span> <span class='ocrx_word' id='word_1_50' title='bbox 155 1365 469 1467; x_wconf 85' lang='lat' dir='ltr'><strong>qualibuscunque</strong></span> <span class='ocrx_word' id='word_1_51' title='bbox 500 1365 623 1440; x_wconf 80' lang='lat' dir='ltr'><strong>lateris</strong></span> <span class='ocrx_word' id='word_1_52' title='bbox 655 1367 763 1440; x_wconf 88' lang='lat' dir='ltr'><strong>unius</strong></span> <span class='ocrx_word' id='word_1_53' title='bbox 798 1367 984 1444; x_wconf 86' lang='lat' dir='ltr'><strong>affectibus</strong></span> <span class='ocrx_word' id='word_1_54' title='bbox 1018 1367 1069 1444; x_wconf 93' lang='lat' dir='ltr'><strong>lo·</strong></span> 
     </span>
     <span class='ocr_line' id='line_1_11' title="bbox 98 1484 1097 1585; baseline 0.008 -27"><span class='ocrx_word' id='word_1_55' title='bbox 98 1484 247 1566; x_wconf 73' lang='lat' dir='ltr'><strong>,calibus</strong></span> <span class='ocrx_word' id='word_1_56' title='bbox 271 1487 363 1558; x_wconf 81' lang='lat' dir='ltr'><strong>iuste</strong></span> <span class='ocrx_word' id='word_1_57' title='bbox 394 1488 648 1585; x_wconf 81' lang='lat' dir='ltr'><strong>seiunguntur‚</strong></span> <span class='ocrx_word' id='word_1_58' title='bbox 664 1486 717 1561; x_wconf 83' lang='lat' dir='ltr'><strong>&#39;eo</strong></span> <span class='ocrx_word' id='word_1_59' title='bbox 743 1485 850 1562; x_wconf 89' lang='lat' dir='ltr'><strong>huius</strong></span> <span class='ocrx_word' id='word_1_60' title='bbox 874 1487 977 1563; x_wconf 86' lang='lat' dir='ltr'><strong>verbi</strong></span> <span class='ocrx_word' id='word_1_61' title='bbox 1001 1513 1097 1574; x_wconf 85' lang='lat' dir='ltr'><strong>no··</strong></span> 
     </span>
     <span class='ocr_line' id='line_1_12' title="bbox 77 1584 1068 1710; baseline 0.003 -33"><span class='ocrx_word' id='word_1_62' title='bbox 77 1633 79 1638; x_wconf 94' lang='lat'>·</span> <span class='ocrx_word' id='word_1_63' title='bbox 105 1607 157 1680; x_wconf 91' lang='lat' dir='ltr'><strong>tio</strong></span> <span class='ocrx_word' id='word_1_64' title='bbox 182 1584 435 1705; x_wconf 75' lang='lat' dir='ltr'><strong>restringenda</strong></span> <span class='ocrx_word' id='word_1_65' title='bbox 455 1620 525 1705; x_wconf 76' lang='lat' dir='ltr'><strong>est,</strong></span> <span class='ocrx_word' id='word_1_66' title='bbox 550 1620 591 1679; x_wconf 90' lang='lat' dir='ltr'><strong>ut</strong></span> <span class='ocrx_word' id='word_1_67' title='bbox 615 1608 666 1680; x_wconf 88' lang='lat' dir='ltr'><strong>ita</strong></span> <span class='ocrx_word' id='word_1_68' title='bbox 683 1621 815 1681; x_wconf 86' lang='lat' dir='ltr'><strong>sonent</strong></span> <span class='ocrx_word' id='word_1_69' title='bbox 831 1609 978 1682; x_wconf 84' lang='lat' dir='ltr'><strong>nonnisi</strong></span> <span class='ocrx_word' id='word_1_70' title='bbox 1004 1611 1068 1710; x_wconf 92' lang='lat' dir='ltr'><strong>qui</strong></span> 
     </span>
     <span class='ocr_line' id='line_1_13' title="bbox 101 1724 1068 1828; baseline 0.005 -30"><span class='ocrx_word' id='word_1_71' title='bbox 101 1741 170 1800; x_wconf 85' lang='lat' dir='ltr'><strong>aut</strong></span> <span class='ocrx_word' id='word_1_72' title='bbox 193 1725 316 1827; x_wconf 89' lang='lat' dir='ltr'><strong>plures</strong></span> <span class='ocrx_word' id='word_1_73' title='bbox 343 1727 503 1828; x_wconf 87' lang='lat' dir='ltr'><strong>corporis</strong></span> <span class='ocrx_word' id='word_1_74' title='bbox 529 1724 643 1801; x_wconf 88' lang='lat' dir='ltr'><strong>modo</strong></span> <span class='ocrx_word' id='word_1_75' title='bbox 664 1726 810 1801; x_wconf 86' lang='lat' dir='ltr'><strong>alterius</strong></span> <span class='ocrx_word' id='word_1_76' title='bbox 827 1727 969 1801; x_wconf 87' lang='lat' dir='ltr'><strong>dimidii</strong></span> <span class='ocrx_word' id='word_1_77' title='bbox 984 1754 1068 1828; x_wconf 89' lang='lat' dir='ltr'><strong>par-</strong></span> 
     </span>
     <span class='ocr_line' id='line_1_14' title="bbox 102 1845 1066 1947; baseline 0.002 -27"><span class='ocrx_word' id='word_1_78' title='bbox 102 1860 182 1946; x_wconf 83' lang='lat' dir='ltr'><strong>tes,</strong></span> <span class='ocrx_word' id='word_1_79' title='bbox 209 1860 272 1919; x_wconf 92' lang='lat' dir='ltr'><strong>aut</strong></span> <span class='ocrx_word' id='word_1_80' title='bbox 297 1845 385 1919; x_wconf 84' lang='lat' dir='ltr'><strong>tales</strong></span> <span class='ocrx_word' id='word_1_81' title='bbox 410 1860 558 1920; x_wconf 90' lang='lat' dir='ltr'><strong>teneant</strong></span> <span class='ocrx_word' id='word_1_82' title='bbox 589 1861 711 1922; x_wconf 83' lang='lat' dir='ltr'><strong>exacte</strong></span> <span class='ocrx_word' id='word_1_83' title='bbox 744 1848 914 1922; x_wconf 88' lang='lat' dir='ltr'><strong>dimidias</strong></span> <span class='ocrx_word' id='word_1_84' title='bbox 928 1903 939 1946; x_wconf 82' lang='lat'><em>‚</em></span> <span class='ocrx_word' id='word_1_85' title='bbox 971 1874 1066 1947; x_wconf 85' lang='lat' dir='ltr'><strong>quae</strong></span> 
     </span>
     <span class='ocr_line' id='line_1_15' title="bbox 102 1965 1065 2067; baseline 0.002 -27"><span class='ocrx_word' id='word_1_86' title='bbox 102 1968 143 2040; x_wconf 91' lang='lat' dir='ltr'><strong>in</strong></span> <span class='ocrx_word' id='word_1_87' title='bbox 168 1965 292 2041; x_wconf 85' lang='lat' dir='ltr'><strong>medio</strong></span> <span class='ocrx_word' id='word_1_88' title='bbox 316 1969 396 2067; x_wconf 90' lang='lat' dir='ltr'><strong>ipso</strong></span> <span class='ocrx_word' id='word_1_89' title='bbox 414 1966 611 2042; x_wconf 88' lang='lat' dir='ltr'><strong>collocatae</strong></span> <span class='ocrx_word' id='word_1_90' title='bbox 636 1994 657 2041; x_wconf 91' lang='lat' dir='ltr'><strong>e</strong></span> <span class='ocrx_word' id='word_1_91' title='bbox 683 1967 824 2042; x_wconf 87' lang='lat' dir='ltr'><strong>duobus</strong></span> <span class='ocrx_word' id='word_1_92' title='bbox 840 1992 915 2040; x_wconf 90' lang='lat' dir='ltr'><strong>non</strong></span> <span class='ocrx_word' id='word_1_93' title='bbox 931 1967 1065 2042; x_wconf 87' lang='lat' dir='ltr'><strong>dissitis</strong></span> 
     </span>
     <span class='ocr_line' id='line_1_16' title="bbox 101 2084 1146 2190; baseline 0.004 -32"><span class='ocrx_word' id='word_1_94' title='bbox 101 2084 344 2184; x_wconf 83' lang='lat' dir='ltr'><strong>abinvicem,</strong></span> <span class='ocrx_word' id='word_1_95' title='bbox 361 2086 479 2160; x_wconf 91' lang='lat' dir='ltr'><strong>sedin</strong></span> <span class='ocrx_word' id='word_1_96' title='bbox 495 2084 591 2161; x_wconf 88' lang='lat' dir='ltr'><strong>linea</strong></span> <span class='ocrx_word' id='word_1_97' title='bbox 607 2089 683 2162; x_wconf 89' lang='lat' dir='ltr'><strong>eius</strong></span> <span class='ocrx_word' id='word_1_98' title='bbox 699 2087 914 2166; x_wconf 87' lang='lat' dir='ltr'><strong>intermedia</strong></span> <span class='ocrx_word' id='word_1_99' title='bbox 930 2089 1065 2164; x_wconf 88' lang='lat' dir='ltr'><strong>iunctis</strong></span> <span class='ocrx_word' id='word_1_100' title='bbox 1141 2183 1146 2190; x_wconf 21' lang='grc' dir='ltr'><strong><em>ι</em></strong></span> 
     </span>
     <span class='ocr_line' id='line_1_17' title="bbox 98 2203 1065 2312; baseline 0.006 -34"><span class='ocrx_word' id='word_1_101' title='bbox 98 2205 275 2312; x_wconf 81' lang='lat' dir='ltr'><strong>lateribus</strong></span> <span class='ocrx_word' id='word_1_102' title='bbox 301 2203 477 2281; x_wconf 86' lang='lat' dir='ltr'><strong>conflatae</strong></span> <span class='ocrx_word' id='word_1_103' title='bbox 503 2209 589 2296; x_wconf 81' lang='lat' dir='ltr'><strong>sint</strong></span> <span class='ocrx_word' id='word_1_104' title='bbox 611 2209 751 2284; x_wconf 87' lang='lat' dir='ltr'><strong>Eorum</strong></span> <span class='ocrx_word' id='word_1_105' title='bbox 785 2210 1003 2311; x_wconf 88' lang='lat' dir='ltr'><strong>praecipuos·</strong></span> <span class='ocrx_word' id='word_1_106' title='bbox 1024 2211 1065 2284; x_wconf 94' lang='lat' dir='ltr'><strong>in</strong></span> 
     </span>
    </p>
   </div>
   <div class='ocr_carea' id='block_1_4' title="bbox 99 2326 1192 2432">
    <p class='ocr_par' dir='ltr' id='par_1_4' title="bbox 99 2326 1192 2432">
     <span class='ocr_line' id='line_1_18' title="bbox 99 2326 1192 2432; baseline 0.002 -32"><span class='ocrx_word' id='word_1_107' title='bbox 99 2326 221 2426; x_wconf 86' lang='lat' dir='ltr'><strong>prima</strong></span> <span class='ocrx_word' id='word_1_108' title='bbox 247 2327 407 2399; x_wconf 90' lang='lat' dir='ltr'><strong>sectione</strong></span> <span class='ocrx_word' id='word_1_109' title='bbox 432 2326 615 2424; x_wconf 81' lang='lat' dir='ltr'><strong>sigillatim</strong></span> <span class='ocrx_word' id='word_1_110' title='bbox 630 2326 845 2426; x_wconf 78' lang='lat' dir='ltr'><strong>recenseb05</strong></span> <span class='ocrx_word' id='word_1_111' title='bbox 866 2329 1066 2428; x_wconf 83' lang='lat' dir='ltr'><strong>simulque,</strong></span> <span class='ocrx_word' id='word_1_112' title='bbox 1190 2425 1192 2432; x_wconf 28' lang='grc' dir='ltr'>Ι</span> 
     </span>
    </p>
   </div>
   <div class='ocr_carea' id='block_1_5' title="bbox 25 2441 1108 3860">
    <p class='ocr_par' dir='ltr' id='par_1_5' title="bbox 25 2441 1108 3860">
     <span class='ocr_line' id='line_1_19' title="bbox 98 2441 1067 2545; baseline 0.008 -30"><span class='ocrx_word' id='word_1_113' title='bbox 98 2468 147 2516; x_wconf 89' lang='lat' dir='ltr'><strong>ne</strong></span> <span class='ocrx_word' id='word_1_114' title='bbox 173 2441 221 2515; x_wconf 89' lang='lat' dir='ltr'><strong>de</strong></span> <span class='ocrx_word' id='word_1_115' title='bbox 251 2441 382 2518; x_wconf 82' lang='lat' dir='ltr'><strong>eodem</strong></span> <span class='ocrx_word' id='word_1_116' title='bbox 414 2445 543 2518; x_wconf 92' lang='lat' dir='ltr'><strong>morbo</strong></span> <span class='ocrx_word' id='word_1_117' title='bbox 577 2446 633 2520; x_wconf 88' lang='lat' dir='ltr'><strong>bis</strong></span> <span class='ocrx_word' id='word_1_118' title='bbox 667 2445 832 2545; x_wconf 83' lang='lat' dir='ltr'><strong>dicatur,</strong></span> <span class='ocrx_word' id='word_1_119' title='bbox 854 2448 1067 2522; x_wconf 79' lang='lat' dir='ltr'><strong>interseram</strong></span> 
     </span>
     <span class='ocr_line' id='line_1_20' title="bbox 25 2561 1108 2668; baseline 0.006 -34"><span class='ocrx_word' id='word_1_120' title='bbox 25 2567 30 2588; x_wconf 74' lang='grc'><em>“</em></span> <span class='ocrx_word' id='word_1_121' title='bbox 99 2586 168 2635; x_wconf 87' lang='lat' dir='ltr'><strong>suo</strong></span> <span class='ocrx_word' id='word_1_122' title='bbox 192 2561 277 2635; x_wconf 93' lang='lat' dir='ltr'><strong>loco</strong></span> <span class='ocrx_word' id='word_1_123' title='bbox 283 2615 295 2659; x_wconf 84' lang='lat'><em>‚</em></span> <span class='ocrx_word' id='word_1_124' title='bbox 319 2561 385 2635; x_wconf 90' lang='lat' dir='ltr'><strong>ubi</strong></span> <span class='ocrx_word' id='word_1_125' title='bbox 411 2563 568 2663; x_wconf 90' lang='lat' dir='ltr'><strong>aliquem</strong></span> <span class='ocrx_word' id='word_1_126' title='bbox 590 2565 760 2638; x_wconf 84' lang='lat' dir='ltr'><strong>affectum</strong></span> <span class='ocrx_word' id='word_1_127' title='bbox 785 2564 951 2668; x_wconf 70' lang='lat' dir='ltr'><strong>dextrum</strong></span> <span class='ocrx_word' id='word_1_128' title='bbox 976 2568 1066 2640; x_wconf 89' lang='lat' dir='ltr'><strong>sini·</strong></span> <span class='ocrx_word' id='word_1_129' title='bbox 1103 2596 1108 2603; x_wconf 84' lang='grc'><em>·</em></span> 
     </span>
     <span class='ocr_line' id='line_1_21' title="bbox 96 2679 1065 2784; baseline 0.004 -28"><span class='ocrx_word' id='word_1_130' title='bbox 96 2697 261 2766; x_wconf 79' lang='lat' dir='ltr'><strong>strumre</strong></span> <span class='ocrx_word' id='word_1_131' title='bbox 284 2679 379 2760; x_wconf 85' lang='lat' dir='ltr'><strong>latus</strong></span> <span class='ocrx_word' id='word_1_132' title='bbox 404 2683 627 2784; x_wconf 85' lang='lat' dir='ltr'><strong>frequentius</strong></span> <span class='ocrx_word' id='word_1_133' title='bbox 645 2683 816 2760; x_wconf 88' lang='lat' dir='ltr'><strong>accedere</strong></span> <span class='ocrx_word' id='word_1_134' title='bbox 832 2683 1065 2760; x_wconf 89' lang='lat' dir='ltr'><strong>observatum</strong></span> 
     </span>
     <span class='ocr_line' id='line_1_22' title="bbox 99 2798 1066 2903; baseline 0.004 -29"><span class='ocrx_word' id='word_1_135' title='bbox 99 2815 175 2899; x_wconf 80' lang='lat' dir='ltr'><strong>est,</strong></span> <span class='ocrx_word' id='word_1_136' title='bbox 201 2798 425 2902; x_wconf 78' lang='lat' dir='ltr'><strong>addamque,</strong></span> <span class='ocrx_word' id='word_1_137' title='bbox 452 2805 492 2875; x_wconf 92' lang='lat' dir='ltr'><strong>ni</strong></span> <span class='ocrx_word' id='word_1_138' title='bbox 518 2803 565 2876; x_wconf 91' lang='lat' dir='ltr'><strong>ad</strong></span> <span class='ocrx_word' id='word_1_139' title='bbox 584 2803 801 2901; x_wconf 78' lang='lat' dir='ltr'><strong>generalius,</strong></span> <span class='ocrx_word' id='word_1_140' title='bbox 827 2829 899 2903; x_wconf 86' lang='lat' dir='ltr'><strong>quo</strong></span> <span class='ocrx_word' id='word_1_141' title='bbox 925 2818 1066 2879; x_wconf 89' lang='lat' dir='ltr'><strong>utrum·</strong></span> 
     </span>
     <span class='ocr_line' id='line_1_23' title="bbox 99 2921 1064 3025; baseline 0.006 -32"><span class='ocrx_word' id='word_1_142' title='bbox 99 2947 170 3022; x_wconf 88' lang='lat' dir='ltr'><strong>que</strong></span> <span class='ocrx_word' id='word_1_143' title='bbox 194 2921 454 3021; x_wconf 82' lang='lat' dir='ltr'><strong>interceditur,</strong></span> <span class='ocrx_word' id='word_1_144' title='bbox 481 2923 674 2997; x_wconf 86' lang='lat' dir='ltr'><strong>discrimen</strong></span> <span class='ocrx_word' id='word_1_145' title='bbox 699 2923 968 3024; x_wconf 89' lang='lat' dir='ltr'><strong>respiciendum</strong></span> <span class='ocrx_word' id='word_1_146' title='bbox 993 2926 1064 3025; x_wconf 81' lang='lat' dir='ltr'><strong>sit,</strong></span> 
     </span>
     <span class='ocr_line' id='line_1_24' title="bbox 99 3042 1063 3142; baseline 0.009 -31"><span class='ocrx_word' id='word_1_147' title='bbox 99 3065 193 3142; x_wconf 89' lang='lat' dir='ltr'><strong>quae</strong></span> <span class='ocrx_word' id='word_1_148' title='bbox 218 3042 296 3114; x_wconf 90' lang='lat' dir='ltr'><strong>eius</strong></span> <span class='ocrx_word' id='word_1_149' title='bbox 319 3043 372 3114; x_wconf 89' lang='lat' dir='ltr'><strong>rei</strong></span> <span class='ocrx_word' id='word_1_150' title='bbox 398 3068 506 3116; x_wconf 88' lang='lat' dir='ltr'><strong>causa</strong></span> <span class='ocrx_word' id='word_1_151' title='bbox 524 3042 694 3116; x_wconf 85' lang='lat' dir='ltr'><strong>habenda</strong></span> <span class='ocrx_word' id='word_1_152' title='bbox 718 3043 893 3119; x_wconf 88' lang='lat' dir='ltr'><strong>videatur.</strong></span> <span class='ocrx_word' id='word_1_153' title='bbox 919 3046 1063 3120; x_wconf 88' lang='lat' dir='ltr'><strong>Praete·</strong></span> 
     </span>
     <span class='ocr_line' id='line_1_25' title="bbox 98 3161 1065 3265; baseline 0.005 -33"><span class='ocrx_word' id='word_1_154' title='bbox 98 3185 158 3248; x_wconf 85' lang='lat' dir='ltr'><strong>rea</strong></span> <span class='ocrx_word' id='word_1_155' title='bbox 184 3174 308 3233; x_wconf 87' lang='lat' dir='ltr'><strong>tamen</strong></span> <span class='ocrx_word' id='word_1_156' title='bbox 333 3187 378 3236; x_wconf 89' lang='lat' dir='ltr'><strong>eo</strong></span> <span class='ocrx_word' id='word_1_157' title='bbox 404 3188 549 3265; x_wconf 88' lang='lat' dir='ltr'><strong>quoque</strong></span> <span class='ocrx_word' id='word_1_158' title='bbox 570 3164 732 3263; x_wconf 87' lang='lat' dir='ltr'><strong>corporis</strong></span> <span class='ocrx_word' id='word_1_159' title='bbox 749 3161 942 3263; x_wconf 88' lang='lat' dir='ltr'><strong>duplicitas</strong></span> <span class='ocrx_word' id='word_1_160' title='bbox 967 3163 1065 3237; x_wconf 87' lang='lat' dir='ltr'><strong>indi-</strong></span> 
     </span>
     <span class='ocr_line' id='line_1_26' title="bbox 100 3280 1061 3384; baseline 0.001 -30"><span class='ocrx_word' id='word_1_161' title='bbox 100 3295 222 3379; x_wconf 84' lang='lat' dir='ltr'><strong>catur,</strong></span> <span class='ocrx_word' id='word_1_162' title='bbox 251 3280 351 3380; x_wconf 87' lang='lat' dir='ltr'><strong>quod</strong></span> <span class='ocrx_word' id='word_1_163' title='bbox 374 3307 479 3380; x_wconf 83' lang='lat' dir='ltr'><strong>aegra</strong></span> <span class='ocrx_word' id='word_1_164' title='bbox 502 3295 665 3382; x_wconf 78' lang='lat' dir='ltr'><strong>quaeque</strong></span> <span class='ocrx_word' id='word_1_165' title='bbox 692 3282 839 3382; x_wconf 85' lang='lat' dir='ltr'><strong>singula¹</strong></span> <span class='ocrx_word' id='word_1_166' title='bbox 857 3307 939 3384; x_wconf 89' lang='lat' dir='ltr'><strong>pars</strong></span> <span class='ocrx_word' id='word_1_167' title='bbox 971 3281 1061 3355; x_wconf 88' lang='lat' dir='ltr'><strong>late·</strong></span> 
     </span>
     <span class='ocr_line' id='line_1_27' title="bbox 98 3399 1061 3505; baseline -0.002 -29"><span class='ocrx_word' id='word_1_168' title='bbox 98 3429 181 3476; x_wconf 86' lang='lat' dir='ltr'><strong>rum</strong></span> <span class='ocrx_word' id='word_1_169' title='bbox 207 3402 283 3474; x_wconf 91' lang='lat' dir='ltr'><strong>eius</strong></span> <span class='ocrx_word' id='word_1_170' title='bbox 308 3401 378 3474; x_wconf 90' lang='lat' dir='ltr'><strong>sibi</strong></span> <span class='ocrx_word' id='word_1_171' title='bbox 403 3402 625 3502; x_wconf 85' lang='lat' dir='ltr'><strong>respondens</strong></span> <span class='ocrx_word' id='word_1_172' title='bbox 649 3429 735 3505; x_wconf 93' lang='lat' dir='ltr'><strong>prae</strong></span> <span class='ocrx_word' id='word_1_173' title='bbox 763 3404 932 3504; x_wconf 87' lang='lat' dir='ltr'><strong>opposito</strong></span> <span class='ocrx_word' id='word_1_174' title='bbox 952 3399 1061 3502; x_wconf 84' lang='lat' dir='ltr'><strong>longe</strong></span> 
     </span>
     <span class='ocr_line' id='line_1_28' title="bbox 97 3519 1059 3621; baseline 0.001 -27"><span class='ocrx_word' id='word_1_175' title='bbox 97 3521 212 3618; x_wconf 86' lang='lat' dir='ltr'><strong>magis</strong></span> <span class='ocrx_word' id='word_1_176' title='bbox 237 3521 277 3594; x_wconf 90' lang='lat' dir='ltr'><strong>in</strong></span> <span class='ocrx_word' id='word_1_177' title='bbox 300 3546 518 3595; x_wconf 87' lang='lat' dir='ltr'><strong>consensum</strong></span> <span class='ocrx_word' id='word_1_178' title='bbox 535 3525 600 3595; x_wconf 75' lang='lat' dir='ltr'><strong>‘sui</strong></span> <span class='ocrx_word' id='word_1_179' title='bbox 624 3537 753 3597; x_wconf 59' lang='lat' dir='ltr'><strong>vocets</strong></span> <span class='ocrx_word' id='word_1_180' title='bbox 767 3522 886 3621; x_wconf 86' lang='lat' dir='ltr'><strong>Atque</strong></span> <span class='ocrx_word' id='word_1_181' title='bbox 915 3519 960 3595; x_wconf 90' lang='lat' dir='ltr'><strong>de</strong></span> <span class='ocrx_word' id='word_1_182' title='bbox 987 3520 1059 3595; x_wconf 91' lang='lat' dir='ltr'><strong>hoc</strong></span> 
     </span>
     <span class='ocr_line' id='line_1_29' title="bbox 97 3640 1061 3742; baseline 0.001 -30"><span class='ocrx_word' id='word_1_183' title='bbox 97 3641 291 3740; x_wconf 82' lang='lat' dir='ltr'><strong>praecipue</strong></span> <span class='ocrx_word' id='word_1_184' title='bbox 316 3643 356 3714; x_wconf 91' lang='lat' dir='ltr'><strong>in</strong></span> <span class='ocrx_word' id='word_1_185' title='bbox 382 3640 493 3716; x_wconf 89' lang='lat' dir='ltr'><strong>altera</strong></span> <span class='ocrx_word' id='word_1_186' title='bbox 518 3645 678 3717; x_wconf 86' lang='lat' dir='ltr'><strong>sectione</strong></span> <span class='ocrx_word' id='word_1_187' title='bbox 705 3667 822 3718; x_wconf 85' lang='lat' dir='ltr'><strong>sermo</strong></span> <span class='ocrx_word' id='word_1_188' title='bbox 840 3644 917 3716; x_wconf 88' lang='lat' dir='ltr'><strong>erit.</strong></span> <span class='ocrx_word' id='word_1_189' title='bbox 936 3643 1061 3742; x_wconf 88' lang='lat' dir='ltr'><strong>Ipsum</strong></span> 
     </span>
     <span class='ocr_line' id='line_1_30' title="bbox 100 3759 1061 3860; baseline 0.006 -28"><span class='ocrx_word' id='word_1_190' title='bbox 100 3759 255 3860; x_wconf 85' lang='lat' dir='ltr'><strong>donique</strong></span> <span class='ocrx_word' id='word_1_191' title='bbox 293 3763 456 3860; x_wconf 84' lang='lat' dir='ltr'><strong>generale</strong></span> <span class='ocrx_word' id='word_1_192' title='bbox 493 3762 651 3840; x_wconf 89' lang='lat' dir='ltr'><strong>hominis</strong></span> <span class='ocrx_word' id='word_1_193' title='bbox 690 3765 820 3840; x_wconf 80' lang='lat' dir='ltr'><strong>dextri·</strong></span> <span class='ocrx_word' id='word_1_194' title='bbox 845 3777 882 3838; x_wconf 90' lang='lat' dir='ltr'><strong>et</strong></span> <span class='ocrx_word' id='word_1_195' title='bbox 925 3762 1061 3838; x_wconf 88' lang='lat' dir='ltr'><strong>sinistri</strong></span> 
     </span>
    </p>
   </div>
   <div class='ocr_carea' id='block_1_6' title="bbox 0 0 1302 4474">
    <p class='ocr_par' dir='ltr' id='par_1_6' title="bbox 0 0 1302 4474">
     <span class='ocr_line' id='line_1_31' title="bbox 0 0 1302 4474; baseline 0 1"><span class='ocrx_word' id='word_1_196' title='bbox 0 0 1302 4474; x_wconf 95' lang='lat' dir='ltr'><strong> </strong></span> 
     </span>
    </p>
   </div>
  </div>
 </body>
</html>
