2586 4480
281 263 351 340 186
711 311 714 318 ·

250 379 523 486 quodammodo
547 381 712 481 ipsomm
735 380 945 484 dispositio,
961 397 1017 486 ut,
1037 365 1199 484 sangnine

247 505 296 580 ad
320 502 466 578 alterius
498 500 620 576 lateris
649 501 809 605 aliquam
840 517 983 604 partem
1014 499 1201 606 congesto,

247 626 438 725 oppositae
467 636 608 722 partes,
641 625 681 696 ni
716 622 764 696 ad
796 637 965 726 utrasque
998 625 1198 718 accedentes

245 747 396 822 arteriae
420 746 520 818 iuxta
544 743 727 843 oriantur,
758 767 835 817 non
867 747 940 819 nisi
968 772 1033 846 per
1066 758 1199 818 anasto-

243 889 363 942 moses
392 862 636 962 congestionis
667 889 797 964 parum
828 865 1060 965 participent
1094 864 1199 938 Multo

244 985 329 1084 plns
366 981 624 1083 lymphatica,
661 1006 753 1081 quse
793 1008 814 1054 a
854 1007 1000 1084 quoque
1048 981 1200 1083 corporis

243 1117 383 1204 puncto
417 1100 615 1176 absorbent
650 1127 670 1173 a
703 1127 875 1202 processu
908 1101 1011 1177 vitali
1048 1102 1201 1178 residuas

152 1239 155 1248 ’
243 1235 364 1324 partes
390 1237 506 1322 atque¹
523 1223 563 1294 in
589 1220 678 1294 duas
703 1223 805 1323 qnasi
830 1221 1153 1328 magnasarbores²
1166 1224 1201 1299 in

246 1342 442 1417 abdomine
467 1355 506 1414 et
529 1339 678 1416 thorace
697 1354 840 1414 tantam
866 1367 1064 1442 connexas,
1078 1344 1201 1417 disiun·

245 1478 303 1536 cta
329 1478 427 1560 sunt,
453 1463 562 1536 unius
588 1460 710 1534 lateris
725 1461 920 1536 affectuum
937 1466 1201 1564 generationem

241 1582 433 1681 adiuvant,
458 1581 697 1658 nihilominus
715 1579 760 1655 de
786 1607 982 1662 nervorum
1008 1584 1081 1658 hac
1107 1585 1145 1658 in
1167 1607 1200 1656 re

240 1705 436 1804 praecipua
461 1701 637 1802 dignitate
670 1701 764 1794 nihil
798 1701 1017 1780 detrahunt:
1050 1703 1200 1805 plerum·

243 1849 313 1925 que
338 1825 504 1898 enim'ea
530 1846 607 1895 non
632 1819 813 1895 adversari
830 1823 948 1897 solum
967 1823 1091 1898 dicere
1108 1847 1202 1924 prae·

242 1946 383 2020 ferrem.
411 1941 501 2018 Tela
527 1940 717 2041 cellulosa,
743 1944 802 2016 eui
827 1955 972 2020 tantum
1003 1944 1203 2018 tribuerunt

241 2079 278 2138 et
301 2065 466 2138 Bonosus
494 2061 544 2157 (1)
575 2077 613 2135 et
642 2063 896 2180 Contemnes
931 2063 1001 2161 (a),
1035 2057 1202 2138 minimae

244 2199 340 2258 certe
365 2197 420 2259 est
445 2182 643 2283 dignitatis,
673 2184 822 2284 eiusque
848 2184 1047 2264 coarctatio
1073 2186 1114 2257 in
1138 2209 1203 2256 me·

241 3021 280 3092 in
307 3017 516 3092 cellulosam
541 3019 650 3092 effusa
677 3018 839 3092 alienave
856 3044 1011 3120 corpora
1025 3045 1111 3093 eam
1130 3043 1202 3119 per

240 3138 433 3236 migrantis
458 3140 497 3210 in
523 3137 677 3212 alterum
702 3139 864 3239 corporis
890 3137 984 3212 latus
1010 3148 1201 3212 transeant.

653 3355 659 3366 ι

578 3383 880 3406 m

245 3518 284 3578 (ι)
302 3513 467 3572 Reeherches
484 3533 505 3570 ι.
522 3517 549 3570 lc
565 3517 632 3570 tissa
642 3531 780 3587 mumeox
790 3531 826 3570 oa
837 3515 958 3589 t'orgsns
969 3515 1116 3572 oeliulaire.
1129 3513 1197 3596 3⁷⁶⁷·

244 3691 283 3750 (s)
301 3617 483 3760 iedopwildd
501 3691 542 3744 35.
560 3689 593 3743 cf.
611 3707 637 3762 p.
656 3689 698 3760 47.
716 3691 757 3743 52.
815 3667 819 3672 ”

245 3773 284 3837 (3)
303 3773 396 3828 Bichst
412 3779 489 3830 Anat.
509 3779 623 3858 gengrsl.
643 3777 672 3830 P.
690 3778 710 3830 1.
728 3775 760 3829 Τ.
779 3775 844 3847 tp.
867 3778 906 3831 13.
929 3777 966 3846 14.

98 2285 101 2292 ’
190 2355 192 2362 ,
243 2304 304 2376 dio
331 2327 500 2402 corpore,
528 2300 595 2376 sub
631 2315 713 2375 cute
746 2300 874 2374 saltem
907 2304 1109 2401 conspicua
1141 2302 1199 2398 (3),
1277 2357 1278 2370 .

240 2420 356 2496 multo
381 2421 512 2520 magis,
538 2433 730 2521 propterea
757 2421 857 2521 quod
889 2446 1021 2521 corpus
1050 2448 1095 2496 ex
1121 2421 1202 2495 dua·

240 2542 310 2614 bns
336 2539 496 2613 dimidiis
522 2538 722 2613 conflatum
748 2564 823 2612 esse
849 2541 1044 2638 significat,
1071 2563 1203 2612 memo·

176 2645 183 2650 ⁵
240 2660 355 2735 randa
381 2673 451 2757 est,
477 2685 586 2761 quam
611 2661 651 2732 in
677 2659 890 2734 morborum
916 2647 1201 2734 consideratione

240 2782 362 2879 magni
388 2778 576 2878 habenda,
601 2805 715 2880 eaque
740 2781 800 2856 vix
825 2779 927 2853 aliud-
956 2779 1070 2878 valet,
1101 2805 1203 2880 quam
1276 2813 1277 2834 1

243 2899 469 3000 aliquantum
485 2899 673 3000 impedire,
692 2901 776 2999 quis
788 2877 900 2973 fluidi
911 2901 950 2972 in
965 2898 1081 2974 altero
1098 2899 1202 2972 latera
