2586 4480
965 343 1028 414 181
1096 347 1099 354 '

105 459 310 562 respondens
335 460 702 563 hypochondriacum
727 457 845 536 vis'c'us
862 457 979 560 tenet,¹
1002 463 1052 536 fe-

103 581 196 656 licius
229 581 359 684 exponi
393 609 547 682 censeo,
580 609 690 683 quom
722 609 765 656 ex
796 583 910 654 ea'P.
936 581 1054 655 Farr-

104 727 157 777 no
181 709 228 802 (ι)
254 707 362 778 etiam
384 707 538 806 'accepta
564 704 738 778 Onorrnn
763 705 814 802 (2)
835 703 1054 800 coniectura,

103 824 192 923 quod
216 851 236 898 a
261 829 396 908 viscere
424 825 641 924 tumefacto,
659 809 956 925 'diaphragmatis
990 824 1075 896 de-'

101 970 219 1018 scensu
253 949 371 1019 eoin
407 945 519 1020 latere
548 945 746 1046 impedito,
771 945 980 1045 pulmones,
1005 943 1053 1018 ab
1088 1007 1091 1012 ,
1168 1000 1172 1007 f

100 1065 199 1140 hisce·
216 1093 308 1141 vena
333 1066 516 1144 subclavia
543 1066 656 1140 altero
673 1068 976 1166 comprimantur,
996 1067 1055 1155 in·

100 1183 206 1286 deque
231 1189 374 1287 sanguis
400 1170 440 1260 in
465 1186 594 1270 eadem
620 1187 749 1287 capitis
764 1200 868 1285 parte
884 1182 1056 1258 brachio·

101 1331 163 1416 que
185 1309 298 1405 magis
324 1321 565 1381 conservetur.
593 1306 664 1379 Sed
688 1305 795 1378 latius
820 1306 850 1378 si
875 1303 1055 1404 explicare

98 1428 210 1498 omnia
235 1426 309 1499 huc
328 1429 549 1527 pertinentia
566 1425 715 1523 vellem,
733 1425 1053 1525 commentationis

99 1543 222 1620 limites
264 1549 375 1620 nimis
409 1562 690 1645 transgressurus
728 1571 865 1644 essem⁷
897 1547 1055 1646 ideoque
1149 1583 1153 1590 ·

98 1689 204 1764 pauca
218 1661 321 1740 'haec
347 1666 536 1739 sufficiant.
561 1665 740 1739 Vasomm
766 1691 851 1738 cum
876 1659 1056 1765 sanguise·

98 1809 238 1885 mmm,
272 1801 350 1860 tum
383 1787 632 1884 serissromm,
665 1786 973 1886 compressionem
997 1783 1058 1859 vel

96 1905 416 2000 inflammationem
444 1907 630 1982 interdum
659 1905 812 2006 'quidem
841 1905 889 1978 ad
920 1929 1057 2012 provo·
1178 1921 1179 1924 ’

96 2027 205 2102 canda
245 2026 425 2102 nonnulla
473 2027 612 2106 horum
647 2039 936 2128 symptomatum
974 2049 1057 2099 suas

95 2161 209 2244 partes
234 2148 400 2222 conferre
407 2147 434 2246 ,²
449 2149 569 2222 nervis
601 2161 722 2220 autem
755 2145 872 2220 multo
904 2147 1056 2220 minoris

95 2264 275 2372 dignitatis
302 2293 397 2367 esse,
424 2267 635 2368 persuasum
660 2266 789 2341 habeo.

136 2394 189 2478 =§.
223 2387 302 2462 131.
328 2387 550 2462 Luculentcr
573 2387 635 2460 illa
660 2386 913 2488 phaenomena
934 2386 1058 2461 osteu-
1278 2381 1279 2384 ¹

95 2504 192 2606 dunt,
207 2509 250 2582 in
266 2507 491 2607 gangliorum
508 2509 618 2582 etiam
635 2522 829 2608 systemate
848 2507 1056 2581 dimidiatos
1094 2539 1096 2543 ·
1165 2563 1169 2570 -

94 2627 239 2703 affectos
264 2626 430 2714 obtinere
463 2630 612 2728 eiusque
642 2608 865 2702 diversarum
895 2627 1056 2727 partium

91 2748 262 2822 morbum
286 2748 434 2846 'eodem
471 2749 513 2821 in
552 2747 666 2825 latere
704 2745 834 2822 dextro
865 2749 1056 2821 sinistrovc

93 2871 214 2968 potius
240 2871 432 2969 propagari
457 2895 567 2969 quam
589 2870 629 2941 in
653 2869 863 2970 oppositum
884 2867 1058 2941 transier-

93 2991 132 3064 1i.
157 2990 416 3091 imperfectam
441 3003 564 3063 tamen
589 2989 807 3088 divisionem
838 2989 947 3072 istam
978 3011 1055 3060 esse

94 3133 136 3183 eo
162 3110 357 3210 docemur,
381 3110 481 3211 quod
505 3109 620 3183 multa
637 3101 933 3184 'memoratorum
956 3133 1060 3208 sym-¹

93 3245 157 3328 pto
182 3244 323 3304 matum
339 3256 605 3332 nonnunquam
624 3233 734 3304 etiam
752 3254 828 3303 non
848 3230 889 3302 in
905 3253 1055 3328 respon·

97 3349 219 3450 dente,
244 3352 372 3426 sedin
398 3338 513 3426 altero
538 3363 744 3452 appareant·
760 3348 883 3424 latere.

441 3615 717 3640 ...n—a*
782 3610 788 3618 .

97 3737 548 3846 Q)1..c‡L.V.T.H.5592‚
594 3731 652 3802 ε’
747 3787 749 3792 ,

97 3864 135 3923 (a)
153 3857 191 3911 Cf.
203 3859 388 3932 spangenberg
399 3862 441 3913 rib.
453 3859 479 3912 d
491 3859 631 3929 Blusst'isse
642 3859 670 3912 in
681 3857 769 3913 medic.
782 3858 858 3912 Him.
872 3857 943 3912 raon.
957 3873 982 3926 p.
995 3853 1054 3906 aas.
1076 3893 1078 3898 ,
1129 3855 1134 3886 2
