2614 4476
866 313 870 318 .
950 248 1020 345 139

98 366 250 446 sinistrae
265 391 342 444 non
356 390 481 465 navae,
498 363 564 440 sed
579 363 785 442 subclnviae
800 389 914 440 venae
930 365 1046 440 inser·

96 503 169 585 tae,
194 510 304 587 qnam
327 484 376 560 ob
403 484 678 585 dispositionem
707 483 847 560 facilius
877 483 923 558 ad
957 486 1046 558 sini·

94 623 198 682 stram
228 605 395 707 plenram
427 607 570 704 sanguis
602 605 711 678 nimis
742 619 964 704 congeratur.
990 607 1048 678 Ex

93 754 260 804 venarum
284 725 552 803 brnncbialium
578 726 788 802 conditione
813 726 943 802 eodem
967 752 1048 799 mo·

93 849 159 945 do,
197 848 383 922 sinistrum
420 846 634 947 pulmonem
667 847 889 948 frequentius
928 844 1046 941 affini,

92 967 263 1042 deducere
289 993 433 1068 posses5
458 965 603 1040 adhoc
629 965 836 1068 pleurarum
863 965 1047 1044 adhaesio·

91 1114 148 1160 nes
172 1090 212 1168 in
239 1087 367 1165 dextro
396 1085 507 1164 latere
540 1087 763 1187 frequentius
796 1087 925 1163 obviae
958 1112 1048 1162 con·

92 1207 278 1285 tradiount.
363 1259 366 1268 r

357 1447 613 1524 CAPUT
673 1451 778 1524 *XL

427 1687 551 1765 Morbi
573 1715 708 1766 renum.

155 2059 181 2143 5.
214 2075 294 2126 roa.
323 2048 491 2128 Calc'ulos
516 2050 659 2150 saepius
690 2050 730 2120 in
763 2026 908 2122 sinistro
941 2074 1049 2148 gene-

89 2172 154 2245 rari
177 2197 266 2246 rene
292 2196 402 2272 quam
425 2173 465 2244 in
483 2170 627 2268 dextro,
654 2167 853 2245 admodum
875 2175 1048 2250 convenit

87 2291 177 2366 inter
200 2289 375 2368 medicos.
402 2291 516 2382 Quod
528 2292 638 2392 primi
654 2272 861 2368 observasse
877 2293 1048 2368 videntur

87 2407 300 2488 Donounaus
328 2419 376 2511 (r)
401 2422 438 2484 et
462 2411 549 2488 Cas.
574 2410 664 2496 Prso
697 2419 767 2512 (α),
794 2435 951 2512 quorum
978 2438 1047 2514 pos

86 2533 210 2606 surior
225 2525 322 2604 inte'r
344 2556 411 2605 roo
427 2530 632 2631 nephritide'
647 2531 828 2605 calenlnsa
842 2531 1047 2616 laborantes

87 2651 132 2725 80
157 2665 194 2724 et
219 2649 375 2751 amplius
408 2652 542 2728 sinistri
570 2653 667 2756 renis
697 2650 884 2746 dolonibus
910 2655 1047 2738 crucia-

86 2771 134 2868 ri,
158 2771 379 2871 experientia
404 2771 534 2844 doctus
559 2762 817 2871 affirmavitpit
833 2771 1048 2876 comproba·
1123 2759 1125 2767 ¹

85 2904 167 2966 runt
204 2904 330 2990 postea
364 2891 616 2998 Horrsntartus
635 2893 683 2995 (3)
708 2894 964 2974 Bonunntvrus
998 2893 1046 2984 (d)

87 3423 182 3487 <1)Ei.
200 3423 303 3478 observ.
322 3405 447 3480 medinin.

87 3515 127 3576 (a)
143 3511 182 3564 at.
200 3511 311 3566 'obrem
338 3514 372 3568 de
398 3513 497 3576 morbis
523 3532 538 3566 a
564 3529 652 3567 setosa
678 3513 793 3568 colluvie
818 3513 887 3565 Sect.
916 3513 1000 3567 Ilvo.
1018 3529 1041 3566 a.

145 3598 203 3653 obs.
225 3617 280 3653 roo.

89 3684 128 3748 o)
144 3685 182 3738 ru.
200 3687 268 3740 men
286 3695 336 3742 rat.
354 3696 421 3760 syn.
437 3689 470 3742 τ.
487 3688 535 3744 rv.
553 3689 589 3742 u·
600 3688 648 3742 1v.
663 3663 691 3743 s.
710 3688 746 3743 u.
757 3687 857 3758 cass.
870 3688 896 3755 s
909 3657 1042 3757 speses.

89 3771 129 3838 (l)
146 3773 183 3827 tt.
201 3775 325 3866 praelect.
342 3777 378 3832 nd
394 3778 477 3834 instit.
494 3776 565 3834 med.
583 3778 610 3845 S.
627 3777 685 3832 352.
1068 3783 1070 3788 '
