2594 4474
85 423 183 498 quum
206 395 252 470 ad
276 420 470 472 nervorum
497 409 681 494 centrum,
706 395 767 470 vel
783 394 1030 498 abdominale,

84 519 133 590 vel
156 516 350 617 cerebrale,
373 520 596 618 pervenerit,
620 517 721 590 illico
749 517 944 591 convulsus
971 547 1029 592 ae-

83 665 134 735 ger
157 638 323 712 concidit.
348 639 404 710 Ex
428 637 522 738 pede
548 652 627 712 orta
654 664 766 736 auru,
799 638 847 712 ad
881 639 1027 740 plexum

84 757 222 834 solarem
248 783 462 860 properans,
489 758 702 859 plerumque
735 761 824 854 iam¹
842 762 937 834 circa
968 761 1032 834 ab·

84 879 203 954 domen
226 880 381 960 laterum
406 881 624 956 divisionem
659 879 793 953 deserit
805 935 816 981 ,
846 882 1036 958 interdum¹

83 1017 188 1076 autem
213 1003 320 1078 altius
344 1030 410 1104 per
433 1002 614 1076 medullae
641 1002 794 1076 alterum
819 1004 1033 1080 fasciculum

83 1124 122 1194 ad
144 1139 249 1226 caput
274 1125 458 1224 ascendit,
483 1124 596 1199 modo
623 1125 772 1225 quidem
803 1124 895 1198 adeo
922 1130 1033 1202 citato

82 1245 179 1342 gradu
197 1273 242 1321 -se
267 1249 492 1348 proripiens,
517 1260 560 1318 ut
585 1249 707 1320 statim
733 1249 772 1319 in
799 1250 934 1348 capite,
969 1276 1034 1322 ne·
1112 1275 1116 1295 ’

83 1371 201 1466 quein
225 1371 426 1444 interiectis
451 1365 614 1469 partibus
644 1371 887 1470 percipiatur,
922 1372 1034 1446 modo

84 1495 188 1562 autern
212 1490 347 1564 lentius
372 1490 590 1592 procedens,
609 1491 660 1563 ita
679 1504 721 1562 ut
738 1491 893 1564 eandem
915 1497 1035 1572 nervis

84 1612 233 1710 superius
257 1611 305 1686 ab
332 1611 404 1708 hoc
429 1610 613 1702 medullae
636 1611 747 1684 latere
781 1613 920 1686 emissis
953 1640 1035 1688 sen*

84 1729 139 1802 tire
163 1733 230 1806 sihi
255 1733 451 1826 videantur
468 1735 614 1832 aegroti.
635 1731 894 1806 Cuiuscemodi
910 1732 1038 1808 flatum

84 1853 144 1924 iam
169 1855 336 1930 Genusus
362 1858 409 1949 (r)
436 1856 546 1929 refert
563 1854 714 1928 duobus
746 1857 786 1928 in
819 1857 940 1954 pueris
974 1881 1042 1956 per
1076 1873 1080 1881 '

85 1971 223 2051 alterum
248 1975 365 2050 modo
391 1976 554 2077 corporis
578 1974 771 2050 dimidium
798 2001 817 2047 a
846 2001 950 2048 crure
975 1995 1041 2076 per

86 2094 208 2196 lemur,
233 2097 400 2190 lumbos,
425 2097 537 2171 latera
569 2112 605 2170 et
637 2098 818 2171 cervicem
850 2096 898 2169 ad
930 2113 1040 2198 caput

85 2229 280 2311 penetrasse
289 2247 300 2319 5
326 2233 364 2293 et
388 2215 542 2296 Tmolus
574 2224 622 2314 (a)
652 2220 791 2292 sinistri
824 2218 928 2319 pedis
959 2219 1041 2320 pol*

85 2333 144 2412 lice
169 2356 363 2416 exeuntem
388 2366 482 2440 genu
507 2341 740 2442 praesertim,
765 2355 845 2413 tum
871 2339 1041 2438 humero,

87 2463 207 2536 cervici
234 2461 368 2537 deinde
393 2465 535 2565 ipsique
549 2461 716 2537 cerebro
751 2460 946 2538 molestum
975 2461 1042 2538 ola-¹

87 2587 238 2662 servavit
251 2584 428 2666 ,Alteram
457 2583 637 2659 medullae
671 2599 812 2684 partem
845 2585 957 2666 hosce
989 2582 1043 2656 al²

86 2702 200 2804 lectus.
212 2707 455 2809 utplurimum
471 2731 548 2782 non
567 2705 819 2780 transcendere
838 2705 1042 2779 observatio

58 2809 190 2902 'ctiam
222 2830 360 2910 Bonnrr
393 2829 526 2931 probat
558 2853 667 2930 supra
700 2830 749 2922 (ᾖ.
782 2827 861 2920 34.)
897 2829 1043 2927 apposiae·
1145 2907 1152 2918 „

88 2957 137 3044 ta,
163 2974 234 3049 qua
252 2976 297 3048 err
319 2952 465 3025 sinistro
491 2952 640 3050 inguine
665 2948 713 3022 ad
737 2948 869 3050 pedem
896 2949 1043 3020 descem

90 3063 229 3142 dentem
270 3085 349 3143 turn
390 3069 437 3152 ad
474 3084 585 3171 caput
622 3069 742 3143 subito
781 3067 1043 3167 regredientem

90 3185 374 3264 formicationem
413 3217 489 3266 non
528 3193 598 3265 nisi
631 3193 860 3265 sinistrorum
898 3202 1042 3263 artuum

439 3535 688 3565 undamn-m

97 3708 131 3768 (ι)
148 3705 186 3759 De
204 3708 253 3760 loe.
273 3703 356 3762 affcct.
374 3704 432 3761 Lib.
450 3677 499 3762 Ill.
518 3709 580 3780 Cap.
599 3727 622 3779 7⁴

97 3795 132 3854 (2)
149 3793 258 3851 observ.
276 3797 334 3850 tib.
353 3797 400 3852 lV.
419 3813 470 3852 cast
490 3813 513 3850 a.
