2586 4480
1022 311 1094 388 235

151 427 377 503 transfertur.
397 429 530 502 Rarum
548 431 713 530 quidem,
733 429 812 528 sed,
831 445 927 504 recte
946 449 1120 507 monente
1156 504 1166 520 ,

149 550 185 624 b.
204 551 235 623 J.
252 552 292 623 P.
311 552 470 625 quuro
498 557 561 648 (r),
590 567 687 626 certe
713 577 788 624 non
814 554 1021 627 inauditum
1046 569 1118 653 est,

31 705 34 707 ·
150 687 194 746 ut
219 671 331 771 aliqui
355 662 608 770 'contendunt'⁷
633 671 896 774 thyreoplrymc
921 676 1119 770 iry‘lomma·

114 849 120 858 .
150 799 200 886 ri,
225 798 436 894 suppurati,
462 817 504 866 ac
521 819 630 866 more
656 809 845 868 acutarum
872 795 1120 870 adfectionum

149 913 317 1008 absolvi„
338 914 437 986 Haec
477 929 581 988 acuta
621 929 778 988 strumae
816 915 1119 994 inflammatoriae

150 1035 269 1108 forma
295 1034 340 1107 ab
367 1033 498 1108 eodem
514 1036 594 1110 viro
612 1034 811 1108 immortali
836 1036 1119 1138 Thyreoplzyma

25 1209 29 1212 -
151 1169 304 1231 acumm
328 1167 457 1229 vocata
483 1169 548 1230 est.
575 1157 724 1255 Saepius
743 1183 829 1231 vero
847 1156 945 1230 lenta
972 1157 1119 1255 glandu-

150 1274 208 1350 lae
226 1273 461 1375 thyreoideae
478 1278 690 1377 suppuratio
708 1276 894 1354 observata
916 1291 990 1376 est,
1015 1291 1056 1350 ut
1079 1281 1120 1352 in

151 1394 397 1485 abscessibus,
423 1422 514 1496 quos
539 1413 699 1497 vocant,
730 1399 870 1498 frigidis
895 1413 958 1474 aut
983 1399 1120 1474 lentam

150 1515 479 1591 inflammationem
505 1517 785 1618 excipientibus)
851 1592 854 1601 ,

226 1637 271 1710 In
287 1651 398 1712 acuto
412 1651 536 1712 autem
551 1653 588 1712 ct
603 1641 879 1734 irfiammatorio
892 1640 1118 1741 thyreophy·

148 1772 263 1854 mate,
287 1757 318 1830 J.
343 1761 383 1832 P.
408 1759 567 1834 Frankio
590 1773 743 1834 notante
767 1765 833 1857 (a),
860 1760 999 1860 singula
1020 1761 1119 1834 loca-

148 1879 196 1952 lis
229 1878 414 1980 phlogosis
446 1895 692 1981 symptomata
728 1895 923 1982 apparent:
948 1915 964 1948 a
999 1885 1118 1962 tensio

148 2033 168 2068 a
201 1999 351 2099 scilicet,
384 2000 497 2101 calor,
524 2000 644 2101 dolor,
676 2001 861 2076 interdum
886 2002 999 2076 rubor
1030 2029 1118 2076 con·

149 2152 167 2186 n
203 2122 363 2219 spicuus,
378 2124 601 2221 arteriarum,
619 2124 851 2222 superiorum
867 2124 1049 2222 inprimis,
1069 2123 1120 2197 la·
1182 2123 1186 2132 ’

149 2273 168 2308 2»
202 2266 435 2340 ryngearum,
453 2242 609 2343 pulsatio
634 2243 820 2341 morbosa,
838 2270 1012 2319 venarum
1029 2246 1138 2320 vari·'

89 2431 93 2436 .
148 2395 170 2428 n
196 2387 362 2436 casarum
378 2368 495 2462 major
511 2361 675 2464 repletio,
691 2359 795 2463 livor,=
813 2366 920 2438 citior
935 2364 1120 2440 intertium

151 2517 172 2550 n
204 2484 243 2556 in
274 2485 573 2583 suppurationem
599 2487 718 2584 nisus,
743 2486 968 2586 respirandi,
1001 2485 1121 2584 deglu-

150 2637 169 2670 η
195 2601 756 2705 tieudidifficultasconspicua,
774 2605 1007 2680 obnubilatio
1024 2607 1120 2706 capi·

149 2757 169 2791 n
203 2726 249 2798 tis
256 2780 267 2823 ,
291 2723 403 2798 rubor
429 2739 625 2826 turgorque
650 2727 775 2825 faciei²
800 2726 911 2800 febris
935 2724 1121 2806 interdum

150 2877 169 2914 n
202 2842 373 2919 notabilis
387 2878 421 2918 a.
439 2845 513 2920 Ubi
530 2850 569 2922 in
587 2849 886 2947 suppurationem
903 2847 979 2920 abit
985 2902 996 2945 ‚
1013 2861 1123 2920 aucta

153 2963 321 3038 trachcac
347 2978 384 3038 ct
408 2967 626 3067 jugularium
658 2993 828 3042 vasorum
854 2967 1122 3066 compressione

151 3085 334 3186 majorem
341 3088 486 3187 spiritus
495 3086 758 3187 difficultatem,
767 3087 895 3189 capitis
909 3088 1122 3188 gravitatem

152 3219 191 3306 et
215 3230 384 3306 soporem
409 3207 544 3307 adfert,
570 3222 678 3310 atque
703 3235 790 3314 pus,
807 3209 878 3282 nisi
896 3207 944 3280 ad
969 3206 1122 3280 exterio-

152 3349 193 3398 ra
227 3328 323 3404 viam
357 3325 426 3400 sihi
457 3341 580 3428 parat,
613 3329 801 3430 laryngcm
834 3325 892 3403 vel
933 3323 1120 3400 traclream
1193 3361 1200 3374 =

488 3595 796 3622 m

115 3776 122 3786 ,
156 3728 198 3788 (ἡ
214 3721 283 3796 spu
301 3725 335 3780 de
351 3726 461 3784 curma
478 3725 578 3781 homin.
596 3726 680 3782 morb.
698 3726 756 3782 tib.
776 3679 873 3780 var.
890 3675 925 3778 n.
942 3722 968 3777 S.
988 3722 1049 3792 80¹1.

158 3811 392 3884 mnapm
