2594 4474
986 277 1033 355 ¹9

81 376 186 480 qood
210 378 308 451 inter
334 373 380 451 '15
403 383 493 452 'vcra
511 372 703 476 apoplexia
718 372 921 472 vsanguinea
942 397 962 447 e
982 377 1056 450 vita

81 498 248 574 sublatos
273 499 314 570 in
345 523 390 574 ro
414 497 588 598 repererit
613 519 634 570 a
660 495 819 594 dextris,
852 495 893 568 in
919 521 940 570 2
973 475 1057 572 dex·

81 623 147 696 tris
174 633 214 694 et
239 620 418 718 sinistris,
442 620 482 693 in
501 646 521 694 a
539 618 728 693 dumtaxat
753 641 775 690 a
799 617 952 692 sinistris
978 643 1064 700 sum,

4 751 12 774 ‘
82 745 233 844 guinem
250 740 404 814 effusum
419 740 538 814 luisse.
555 741 718 841 Eiusque
735 737 942 815 observatio
959 761 1057 816 com-

81 864 277 965 paratione
308 860 416 935 multi
448 861 597 935 maioris
629 858 881 960 exemplorum
913 864 1057 936 numeri

69 977 178 1058 ⁸bene
206 983 453 1060 confirmetur.
480 981 597 1060 Simul
615 994 740 1056 tamen
757 994 926 1081 apparet,
953 980 1060 1058 dille·

81 1105 244 1179 rentiam
268 1103 424 1176 laterum
449 1101 573 1203 quoad
603 1101 874 1204 proclivitatem
898 1099 946 1174 ad
971 1099 1059 1176 hae·
1131 1097 1134 1104 ’

81 1223 332 1322 morrhagiam
356 1225 464 1296 istam
477 1225 672 1298 'internam
688 1245 767 1324 non
787 1234 863 1296 tam
886 1246 1058 1320 magnam

83 1370 187 1443 esse,
214 1369 257 1418 ac
283 1343 487 1418 secuudum
512 1345 759 1419 Moncscruunr
790 1367 869 1418 esse
886 1345 1057 1422 ·videtur.

85 1466 169 1557 Qus
194 1465 338 1540 ratione
363 1490 451 1540 vero
475 1465 527 1538 iu
552 1466 634 1562 fiet,
661 1464 707 1537 de
733 1488 777 1538 eo
803 1465 854 1540 ait
878 1466 935 1542 vir
960 1491 1058 1550 sum·

86 1611 169 1660 mus
188 1585 269 1660 fore
285 1585 423 1684 forsan,
440 1599 483 1660 ut
497 1586 619 1660 minus
635 1583 782 1661 solliciti
797 1587 926 1685 simus,
945 1613 1059 1689 quum

86 1705 351 1781 attenderimus
384 1736 403 1772 s
427 1704 571 1780 dextras
604 1706 796 1806 plerasque
829 1719 951 1808 partes
978 1735 1059 1784 cor·

86 1829 188 1930 poris
223 1826 465 1927 utplurimum
496 1828 537 1900 in
572 1827 810 1926 frequentiori
842 1841 948 1902 motu
982 1855 1062 1902 esse

88 1973 204 2049 quam
227 1949 414 2044 siuisuss,
447 1962 503 2046 ct,
538 1947 641 2047 quod
674 1961 943 2046 consequatur,
974 1971 1060 2024 vasa

89 2093 238 2169 quoque
264 2092 341 2140 nou
366 2066 512 2142 illarum
536 2067 669 2165 modo,
694 2067 761 2142 sed
775 2081 814 2142 et
839 2081 1059 2169 ceterarum,

89 2215 182 2290 quae
210 2213 232 2261 a
258 2187 392 2262 dextris
416 2189 491 2262 sint
503 2241 515 2287 ,
537 2187 586 2264 ob
608 2189 1060 2266 communicationescon·

87 2333 288 2408 sensusque
312 2307 478 2382 laborare
503 2310 618 2408 magis
651 2321 689 2384 et
713 2308 858 2386 dilatari
883 2308 1008 2386 solere.
1033 2345 1052 2378 a

88 2427 332 2535 Additybisce
356 2429 533 2504 Zunnsus
560 2434 633 2527 (t),
664 2429 778 2528 magis
804 2427 968 2506 adiuvari
995 2430 1060 2504 ed·
1190 2468 1202 2493 x

21 2587 24 2596 λ
88 2545 230 2624 fluxum
245 2536 439 2647 'sanguinis
468 2547 518 2624 ad
550 2547 689 2624 cerebri
720 2547 886 2626 dextram
917 2563 1061 2651 partem

89 2667 264 2744 carotidis
287 2666 567 2770 aecclesiaeque
601 2667 747 2744 dextrae
779 2669 963 2750 ordinaria
994 2697 1061 2774 po·

89 2789 239 2886 sitione,
265 2789 401 2889 quippe
427 2813 520 2890 quae
545 2813 589 2862 ea
613 2789 679 2888 sit,
703 2803 849 2866 utnon
865 2787 977 2866 modo
1003 2815 1059 2864 or·

90 2922 171 2982 tum
199 2931 504 2983 communem'ax
528 2933 617 2982 areu
648 2923 773 2984 aortae
807 2909 964 3010 ducant,
996 2910 1062 2984 sed

90 3029 210 3102 etiam.
237 3025 366 3104 eadem
398 3027 511 3100 ferme
544 3027 769 3128 directione,
803 3055 874 3130 qua
903 3031 944 3104 in
981 3014 1062 3104 s'or·

90 3160 168 3220 tam
202 3145 344 3245 ipsum,
375 3144 424 3222 ad
453 3171 517 3222 ess
543 3173 608 3224 cor
638 3150 857 3246 sanguinem
887 3149 1061 3250 impellat.

91 3265 199 3357 Quae
224 3265 398 3368 quidem,
430 3279 514 3340 utut
550 3268 670 3342 maior
705 3293 853 3372 quoque
891 3268 1063 3343 carendis

94 3381 241 3460 dextrae
273 3384 503 3488 amplitudo,
535 3389 569 3462 si
593 3387 640 3464 ab
665 3390 880 3470 anatomicis
913 3385 1065 3465 ulterius

289 3669 295 3676 .
428 3648 732 3679 ‚m

101 3785 140 3852 (¹)
156 3785 200 3844 1²⁸
215 3787 371 3860 missu,
385 3803 473 3862 με.
488 3801 601 3859 nm,
615 3804 712 3848 cnm
734 3806 809 3862 appo.
826 3791 858 3861 §.¹
869 3791 913 3846 ts.
925 3807 956 3862 p.
973 3789 1015 3842 st.
