2586 4480
230 325 301 398 232

280 438 515 516 Resolutione
533 439 681 543 quidem
697 442 910 545 plerumque
933 443 1058 518 finitur
1075 442 1163 518 haec

199 563 461 661 inflammatio,
478 564 507 636 si
526 565 598 636 cito
617 577 823 663 opportuna
849 563 1043 637 adhibetur
1062 591 1165 640 cura·

202 687 264 778 tic.
285 682 363 756 Hac
389 709 476 757 vero
502 683 665 781 neglecta
677 739 687 781 ,
712 684 752 755 iu
769 681 978 756 abscessum
995 685 1097 758 abire
1113 711 1167 759 so·

201 804 262 878 let
288 802 402 895 Quod
427 803 489 876 ubi
515 805 693 902 contigit,
718 826 787 903 pus
812 819 875 878 aut
900 807 1056 879 exterius
1081 832 1164 907 pre

200 925 368 998 funditur
390 937 429 997 et
454 924 662 998 cicatricem
686 926 726 996 iu
751 923 848 998 collo
877 926 1068 1026 relinquit,
1103 943 1165 1002 aut

199 1048 398 1118 intrnrsum
423 1043 471 1116 ad
494 1044 654 1144 laryngis
672 1059 709 1118 et
736 1044 902 1118 tracheae
929 1071 1061 1120 cavum
1087 1073 1165 1122 ver·

101 1163 103 1168 ’
200 1167 304 1263 titur,
319 1179 366 1238 ‚ut
383 1165 474 1240 adeo
492 1166 620 1264 spiritu
646 1166 849 1264 intercepto
866 1166 1017 1239 exitium
1037 1193 1165 1270 sequa-

200 1299 271 1358 tur.
297 1285 488 1386 Ejusmodi
515 1285 699 1358 abscessus
724 1287 764 1358 in
788 1311 914 1359 museo
937 1287 1165 1362 Hunterianc

200 1421 448 1504 conservatus,
467 1407 528 1507 qui
546 1405 645 1480 hunc
662 1405 835 1480 lethalem
852 1408 1062 1506 cyuanches
1079 1409 1165 1510 thy-

198 1525 364 1600 reoideae
390 1530 525 1600 exitum
551 1527 791 1624 demonstrat,
817 1525 1019 1600 delineatus
1045 1535 1164 1604 estin

197 1645 248 1722 ill.
274 1640 420 1721 Barnun
446 1648 670 1744 Engravin‘gs
695 1648 957 1746 accompanied
980 1649 1072 1722 with
1092 1653 1162 1724 Ex·

198 1769 424 1868 pluralium,
450 1766 572 1840 which
588 1792 647 1840 are
664 1767 841 1840 intended
854 1781 893 1840 to
910 1766 1164 1842 illustrate-the

195 1887 344 1962 morbid
369 1890 569 1986 Anatomy,
587 1886 689 1958 Fasc.
715 1885 759 1956 ll.
776 1886 878 1958 Plate
897 1887 922 1960 l.
941 1886 1017 1984 Fig.
1039 1887 1072 1958 3.
1093 1889 1163 1962 Sed

198 2010 308 2114 etiam
326 2008 402 2078 sine
417 2004 575 2104 laryngis
594 2018 631 2076 et
648 2003 814 2076 tracheaa
827 2007 992 2080 erosione
1009 2021 1047 2079 et
1063 2011 1162 2105 puris
1284 2041 1285 2068 r

196 2129 237 2200 in
249 2129 356 2200 istam
371 2125 543 2197 effirsione
558 2149 701 2222 aegrum
710 2123 768 2197 vel
781 2139 922 2200 tumore
936 2125 1041 2198 valde
1055 2142 1162 2201 aucto
1284 2091 1285 2180 l

197 2262 235 2320 et
251 2271 415 2346 asperam
440 2247 607 2318 arteriam
633 2246 741 2316 nimis
766 2246 1030 2345 comprimente
1047 2261 1161 2320 stran-

197 2366 311 2466 gulari
336 2389 463 2465 posse,
478 2365 653 2465 probatur
666 2365 834 2464 inprimis
852 2389 936 2438 casu
950 2370 1159 2463 gravissimo

196 2487 245 2562 ab
267 2486 318 2560 ill.
343 2487 400 2560 Jc
430 2486 530 2560 Fam.
564 2487 747 2558 Macumro
780 2486 841 2558 Ill.
870 2490 918 2577 (1)
952 2485 1156 2588 descripte,

195 2608 260 2683 ubi
274 2607 405 2682 mulier
422 2608 683 2707 quinquaginta
701 2619 856 2706 quatuor
872 2623 987 2680 annos
998 2606 1154 2708 habens,

161 2730 165 2734 ’
196 2734 298 2832 cujus
314 2765 316 2780 ·
335 2752 451 2802 cornu
485 2727 656 2800 dextrum·
692 2725 883 2823 glandulae
923 2727 1160 2826 thyreoideae

193 2855 269 2951 jam
300 2873 343 2922 cx
375 2847 486 2944 longo
512 2861 675 2946 tempore
701 2845 891 2945 paululum
917 2850 1159 2949 'intumuerat,

194 2973 235 3043 in
260 2968 332 3042 hoc
356 2967 588 3046 vehementes
614 2965 756 3041 dolores
782 2968 977 3066 sentiebat,
1002 2995 1160 3068 quorum

196 3114 302 3164 causa
329 3102 475 3161 externa
507 3113 584 3162 non
613 3087 983 3186 animadvertebatur,
1009 3090 1159 3188 quibus·

198 3235 269 3310 que
286 3209 450 3284 celeriter
467 3233 632 3288 crescens
656 3223 777 3282 tumor
795 3208 985 3306 glandulae
1002 3209 1162 3310 thyresi-

195 3329 283 3404 deae
309 3329 548 3431 jungebatur„
561 3328 726 3419 Quatucr
752 3327 1024 3404 hebdomadum
1040 3335 1159 3431 spatio

195 3735 235 3796 (ι)
258 3685 470 3797 lbhsmnungsn
494 3745 541 3780 aus
563 3702 619 3780 'cler
635 3727 834 3782 menschlichen
861 3729 917 3784 und
934 3731 1155 3797 vergleichenden

253 3817 392 3867 anatomia
410 3817 465 3868 und
484 3799 659 3883 Physiologie.
677 3815 772 3882 Halle,
793 3815 868 3870 racc.
885 3835 911 3888 p.
934 3817 1048 3884 ria-143.
