2594 4474
988 273 1035 348 25

96 393 209 468 etiam
235 415 326 493 apex
350 393 429 468 nasi
454 416 579 468 versus
602 391 696 466 latus
731 417 877 466 sanum·
894 389 1065 467 distrahi·

97 530 174 612 tur,
201 527 240 586 et
263 513 408 588 maxilla
440 514 607 611 inferior,
638 514 726 587 dum
760 539 801 588 os
836 514 1011 614 aperitur,
1046 540 1066 587 a

95 633 272 707 musculis
305 633 550 734 pterygoideis
589 634 748 734 oppositi
787 633 909 707 lateris
942 661 1066 710 versus

92 755 278 832 affeetum,
302 753 397 828 latus
428 755 698 856 distorquetur,
731 753 894 854 adeoque
929 756 969 828 in
995 753 1066 830 hoc

97 889 203 950 motu
230 889 345 974 earet,
363 877 459 950 utin
476 875 589 949 altero
606 875 724 949 solum
750 875 824 948 cibi
849 876 1068 949 masticandi

62 987 67 1000 ⁸
97 999 181 1070 siut.
211 1003 260 1090 (1)
286 996 436 1070 Initium
462 995 569 1070 huius
601 995 840 1097 hemiplegiae
874 997 985 1070 facies
1013 1012 1068 1070 est

93 1121 141 1192 >in
164 1117 281 1192 altero
307 1105 417 1190 latere
450 1117 552 1218 quasi
587 1117 769 1217 pendens,
794 1115 968 1190 musculis
1001 1143 1067 1192 vo·

98 1239 234 1314 luntati
266 1237 416 1342 quidem
445 1234 657 1312 adhucdum
690 1237 969 1336 obedientibus,
1003 1237 1068 1314 sed

98 1361 196 1434 iusto
221 1361 344 1458 vigore
370 1359 569 1461 destitutis,
587 1359 926 1464 qualissrequenter
950 1361 990 1433 iu
1015 1385 1068 1434 ar·

92 1480 248 1554 thritica
274 1479 498 1554 hemicrania
523 1479 774 1554 laborantibus
800 1480 1026 1555 observatur.

172 1607 199 1691 5.
242 1599 294 1673 15.
329 1602 491 1708 Linguae
523 1599 741 1703 hemiplegia
756 1627 960 1701 nunquam
993 1603 1067 1676 lere

91 1747 198 1819 riori,
224 1720 293 1794 sub
319 1723 425 1795 initio
457 1723 613 1797 insultus
645 1721 792 1820 saltem,
818 1736 897 1796 tum
922 1737 1068 1796 artuum

96 1843 206 1916 unius
232 1843 371 1940 lateris,
397 1855 476 1922 tum
493 1844 599 1917 saeiei
618 1835 1068 1920 dimidiaeresolutlonem

98 1963 385 2060 concomitatur,
398 1955 530 2039 erellro
547 1963 670 2064 aliquo
687 1977 851 2065 tempore
867 1961 1068 2036 antecedit:

90 2109 216 2182 eaque
237 2084 337 2156 >inter
362 2107 488 2156 ornnes
513 2083 734 2183 singularum
759 2086 918 2184 partium
951 2081 1068 2156 hemi·

96 2204 238 2304 plegias
271 2203 561 2304 frequentissima
595 2203 815 2279 observatur.
848 2205 1066 2306 Plerumque

98 2325 227 2400 solum
246 2339 388 2398 motum
414 2324 473 2398 vel
498 2351 594 2398 eum·
612 2328 825 2426 praesertim
858 2327 989 2425 laedit,
1015 2328 1067 2399 ita

98 2460 140 2520 ut
166 2459 306 2518 exserta
331 2443 454 2544 lingua
479 2473 602 2520 versus
627 2447 723 2520 latus
748 2473 877 2522 sanum
902 2447 1068 2521 trahatur

88 2580 136 2641 et
162 2567 300 2664 aegroti
315 2563 528 2640 balbutiant.
555 2568 692 2642 Verum
708 2569 1003 2667 etiamgustatus
1027 2571 1067 2647 iu

100 2686 254 2762 dimidia
280 2712 321 2760 ea
347 2686 532 2761 interdum
563 2687 836 2789 pessumdatur,
870 2687 972 2788 quod
996 2673 1067 2761 An·

97 2833 202 2882 uiuus
221 2811 268 2902 (2)
285 2833 330 2881 eo
355 2807 550 2908 probatum
567 2807 678 2908 vidit,
703 2793 805 2910 quod
829 2807 1068 2910 hemiplegiae
1170 2805 1174 2818 ’

90 2929 209 3004 initio
233 2927 434 3029 prehensus
460 2930 609 3031 quidam
634 2926 937 3029 sinistralinguae
963 2942 1066 3032 parte

100 3049 185 3123 salis
201 3049 352 3149 pauxilli
368 3075 534 3150 saporem
550 3063 717 3126 accurate
739 3051 979 3150 dignosceret,
995 3049 1067 3123 olei
1197 3047 1198 3050 ’

99 3167 258 3270 asphalti
283 3183 405 3245 autem
430 3159 586 3282 lum*
603 3169 751 3246 dextrae
781 3173 992 3274 impositam
1018 3196 1067 3246 rie

101 3291 252 3366 sentiret
276 3289 426 3366 lera-
440 3290 588 3384 Praeter
611 3290 774 3391 liriguam
799 3291 930 3394 reliqui
955 3290 1066 3365 etiam

103 3719 142 3778 (t)
155 3681 306 3768 Homerum
318 3715 386 3768 ned.
398 3721 448 3770 rat.
460 3721 528 3788 synt:
536 3715 570 3772 T·-
582 3715 631 3774 tv.
641 3715 671 3774 P.
682 3715 730 3776 lv.
746 3733 805 3791 cap.
827 3735 848 3776 ι.
866 3715 922 3772 obe.
934 3715 963 3788 ᾗ.
975 3733 1002 3788 p.
1017 3711 1060 3771 30.

101 3809 150 3870 (1)·
160 3803 228 3856 lliss.
245 3805 290 3856 cit.
307 3822 334 3875 p.
352 3805 410 3858 21³.
484 3821 487 3828 ·
770 3825 775 3832 “

207 3911 508 4004 annu-vul.
962 3909 1004 3968 τ’
