2586 4480
257 297 328 390 184

199 513 202 518 Ι
223 419 391 492 restituto
416 412 517 492 illico
543 413 681 495 'refecta
706 397 820 521 sunt;⁸
837 419 1073 498 Consurrrr'o
1097 425 1194 502 deni·

208 551 293 642 'qne
319 537 461 639 herpeti
485 539 625 616 mederi
650 543 821 646 contigit:
839 557 924 645 post
940 539 1091 646 aliquod
1107 559 1195 622 tem·

222 685 292 760 pus
316 684 404 734 vero
427 662 468 734 in
492 661 554 736 illa
580 667 709 764 capitis
725 678 829 765 parte
844 665 963 764 gravis
984 669 1197 767 supervenit

223 782 385 881 pruritus
410 785 576 885 cutisque
601 783 655 858 ibi
680 785 786 862 valde
811 784 953 859 rubuit:
985 784 1101 862 altero
1136 787 1196 862 dia

222 902 369 976 sinister
393 929 538 1006 quoque
565 905 692 988 oculus
716 905 823 982 valde
848 891 1106 982 inflammatus
1123 923 1197 1007 est,

220 1021 434 1124 palpebrae,
460 1025 574 1125 pinna
599 1029 761 1125 narium,
779 1052 888 1127 gena,
905 1029 1023 1127 auris,
1041 1032 1197 1130 parotis,

120 1139 123 1148 ’
224 1143 382 1245 collique
407 1169 491 1245 pars
516 1143 589 1220 hoc
614 1149 654 1220 in
685 1147 799 1222 latere
831 1147 1051 1222 tumefactae
1081 1165 1195 1250 sunt,

220 1266 262 1337 in
286 1269 445 1366 pectoris
470 1281 508 1341 et
531 1267 738 1342 abdominis
762 1267 864 1344 laeva
889 1281 993 1367 parte
1026 1269 1196 1345 efflorue-

220 1399 308 1459 runt
332 1386 525 1486 pustulae,
549 1389 803 1464 intumuerunt
828 1388 972 1462 articuli
1000 1391 1194 1492 utriusque

220 1506 387 1580 sinistrae
422 1511 657 1584 extremitatis
696 1523 806 1612 atque
838 1511 879 1583 in
911 1509 1084 1586 omnibus
1122 1514 1190 1611 iis,

218 1627 273 1702 uti
297 1630 338 1701 in
364 1627 511 1730 linguae
541 1631 687 1704 sinistra
719 1645 845 1732 parte,
876 1631 1038 1731 pruritus
1066 1631 1192 1706 mole&

221 1763 298 1824 stus
331 1750 411 1824 suit.
445 1751 619 1826 Conseras
651 1775 736 1825 cum
767 1749 838 1826 hac
876 1751 1029 1825 historia
1068 1754 1191 1828 varias

172 1925 179 1932 -
216 1869 297 1945 illas
322 1893 430 1972 supra
457 1870 573 1946 dictas
604 1873 813 1972 passiones,
846 1874 939 1972 qua‘e
968 1867 1188 1946 Hlarusuur

18 2001 22 2008 '
82 2061 84 2066 ,
216 1989 385 2074 dextrum
409 1991 503 2064 latus
528 1993 643 2066 nimio
668 1991 800 2066 sudore
826 1989 996 2064 laborans
1021 2013 1188 2066 exercue-

161 2117 165 2122 ’
215 2121 325 2209 runt,
359 2126 461 2211 tum,
491 2137 600 2214 quem
630 2112 791 2211 tradidi,
822 2110 1045 2187 salivationis
1073 2114 1194 2200 unius=

214 2231 338 2306 lateris
364 2235 666 2332 casum-numo
690 2235 828 2332 usum,
851 2259 921 2306 nec
947 2259 1024 2308 non
1050 2258 1072 2306 a
1098 2233 1184 2308 Ros·

214 2377 270 2426 sro
294 2354 479 2429 institutas
503 2351 662 2452 pellagra
687 2351 947 2426 defunctorum
971 2353 1181 2428 sectiones..

285 2479 314 2565 §.
346 2473 426 2568 134.
451 2473 700 2550 Etiamhiscc
725 2475 766 2546 in
791 2473 933 2552 casibus
949 2475 1072 2548 nervis
1088 2499 1183 2548 sum·

211 2619 290 2669 mas
303 2593 513 2669 tribuendas
527 2619 602 2668 esse
615 2607 746 2694 partes,
764 2619 873 2669 nemo
881 2650 892 2694 ,
910 2595 973 2698 qui
989 2578 1182 2696 superiori·

74 2731 75 2734 ’
186 2702 280 2790 'bus
306 2717 514 2814 assenserit,
539 2715 680 2788 inficias
704 2714 784 2816 ibit.
809 2715 929 2818 Atque
952 2715 1181 2817 inquirentes

209 2839 251 2912 in
275 2839 485 2911 universum
496 2861 616 2936 ‚quae
632 2837 672 2908 in
687 2835 842 2915 dimidio
860 2855 1012 2938 corpore
1028 2833 1180 2912 affectus

211 2955 389 3036 deliniant
419 2957 714 3060 impediantque,
747 2981 822 3058 quo
849 2959 971 3032 minu's
995 2957 1036 3030 in
1062 2954 1181 3032 altero

209 3080 321 3152 etism
345 3077 458 3154 latere
483 3076 617 3153 locales
639 3077 762 3158 ,morbi
788 3079 937 3152 affectus
963 3089 1181 3178 appareant,

209 3201 271 3276 vix
295 3198 343 3273 ad
362 3199 477 3276 aliam
502 3197 614 3273 ullam
636 3200 808 3306 ,corporis
841 3199 993 3274 humani
1032 3211 1177 3299 partem

209 3324 348 3396 recurri·
370 3345 477 3423 posse
501 3321 708 3394 invenimus
732 3333 876 3421 praeter
901 3322 1049 3416 nervos,
1083 3343 1176 3418 quo·

209 3468 292 3516 rum
325 3441 470 3532 alterius
507 3442 712 3542 systematis
746 3442 949 3544 arratomica
982 3438 1175 3538 dispositio

211 3579 437 3665 quantopere
474 3563 664 3662 gignendis
705 3561 848 3634 dimidii
887 3558 1048 3633 hominis
1088 3559 1174 3632 affe·
1281 3553 1282 3558 ¹

208 3685 327 3758 ctibus
344 3685 472 3784 faveat,
485 3683 719 3786 paragraphis
732 3681 839 3755 huius
853 3679 1173 3755 commentationis

209 3807 335 3910 primis
359 3809 508 3908 exposui
534 3809 573 3881 in
601 3821 677 3881 toto
712 3806 831 3906 primo
866 3803 985 3906 capite
1015 3803 1172 3886 maxima
