2586 4480
993 317 1064 390 233

123 433 296 508 ‚nondum
310 435 431 536 elapso
444 435 568 510 dexter
586 411 775 534 glandulae
794 435 1027 542 thyreoideae
1041 436 1092 509 lo·

126 555 196 630 bus
219 556 291 630 lere
309 537 594 656 magnitudinem
615 559 726 657 pugni
744 556 934 629 adsecutus
959 572 1036 629 erat
1055 571 1092 628 et

126 701 292 774 asperam
317 679 485 750 arteriam
511 678 602 751 adeo
629 677 677 748 ad
693 678 876 754 sinistrum
895 691 1092 774 presserat,

126 781 262 869 ut⁴sub
290 812 373 870 cute
398 797 549 896 angulus
575 813 725 896 acutus,
761 822 879 897 quem·
896 781 1091 892 efficiebat,

129 919 320 1018 perspicue
336 920 459 1022 sentiri
476 932 612 1018 posset,
638 933 746 1017 atque
764 916 1000 1016 deglutitione
1017 921 1090 1016 jam
1141 985 1143 988 .

92 1044 96 1052 ”
126 1064 194 1138 per
220 1037 296 1110 dies
314 1052 476 1136 quatuor
490 1065 636 1138 prorsus
662 1037 736 1110 fere
760 1038 935 1136 impedita
962 1051 998 1108 et
1023 1037 1092 1133 spi·

125 1161 265 1232 rituum
291 1157 501 1231 difficultate
528 1159 752 1232 horrendum
785 1159 824 1230 in
856 1156 1006 1229 modum
1033 1157 1090 1225 in·

125 1293 357 1376 gravescente
377 1279 609 1384 *strangulata
639 1277 770 1352 mulier
795 1279 1089 1376 exstingueretur.

125 1399 294 1472 Sectione
318 1401 483 1472 instituta
508 1402 547 1471 in
575 1400 700 1473 dextro
718 1398 909 1498 glandulae
931 1397 1091 1497 thyreoi·

127 1518 216 1592 deae
242 1518 349 1616 lobo,
385 1525 487 1620 cujus
512 1520 685 1594 volumen
711 1534 858 1592 auctum
885 1533 983 1615 erat,
1015 1519 1090 1590 duo

126 1665 215 1714 cava
233 1665 321 1739 pure
339 1639 475 1741 repleta
493 1639 781 1736 inveniebantur,
798 1641 952 1738 parietes
969 1651 1091 1712 autem

60 1821 61 1826 ,
125 1759 295 1832 tracheae
321 1773 419 1832 arcte
444 1761 592 1859 quidem
616 1763 712 1833 iuter
737 1785 775 1832 se
800 1761 1003 1856 commissi,
1029 1785 1089 1830 an-

122 1878 204 1952 nuli
223 1885 299 1980 ejus
314 1894 436 1952 tamen
449 1907 679 1980 nequaquam
698 1881 793 1952 exesi
810 1893 846 1952 et
863 1882 960 1979 rupti
978 1896 1090 1952 eraut.

125 2000 364 2100 Oesophagus
390 2001 668 2100 quoque-plane
695 1997 860 2073 occlusus
887 2015 971 2072 erat.

202 2121 335 2194 Causas
361 2122 569 2222 cynanches
590 2119 830 2221 'thyreoideae
845 2158 849 2168 ·
863 2121 963 2220 quod
995 2121 1086 2192 adti-

123 2255 204 2338 net,
231 2241 299 2314 lrae
327 2268 369 2312 ex
393 2242 442 2314 ill.
470 2269 514 2314 oa
541 2221 921 2315 Wrnrrrrnsententia
938 2241 1087 2315 eaedem

122 2387 199 2434 esse
225 2361 410 2459 videntur,
428 2387 529 2462 quae
548 2361 642 2434 alias
668 2363 819 2460 anginae
847 2364 983 2460 species
1009 2388 1088 2460 pro·

123 2496 266 2580 creant,
294 2496 334 2554 ut
359 2481 470 2579 frigus
496 2497 579 2579 etc,
597 2485 809 2580 praesertim
831 2483 866 2554 si.
879 2482 1087 2578 glandulam

120 2601 373 2700 tlryrcoideam
390 2604 546 2674 maxime
563 2602 734 2675 afficiunt.
753 2602 847 2674 Cum
854 2573 949 2676 iero
963 2604 1090 2678 eadem
1145 2694 1150 2702 ¹

119 2723 160 2798 in
186 2723 452 2796 rarissimorum
484 2723 697 2796 morborum
730 2747 884 2796 numero
921 2721 1089 2823 habenda

121 2843 185 2938 sit,
211 2833 436 2914 ill.'Burmnr
462 2842 838 2943 adstipulandum-est
865 2844 1087 2916 contendeu-

121 2963 151 3032 ti
179 2967 245 3058 (r),
271 2987 395 3034 causas
421 2962 584 3060 vulgares
610 2962 711 3036 illam
727 2987 803 3035 non
821 2961 926 3034 facile
949 2961 1089 3034 efficere

120 3107 247 3180 posse,
273 3095 380 3180 atque
407 3082 502 3154 hanc
539 3082 747 3180 glandulam
781 3108 910 3181 parum
945 3081 1088 3154 inflam-

119 3203 273 3272 mationi
300 3215 545 3299 opportunam
570 3227 655 3276 esse.
673 3201 944 3300 Nonnunquam
963 3217 1086 3275 tamen

122 3347 207 3392 oum
239 3321 428 3394 affectione
457 3323 659 3394 ¹catarrhali
697 3324 858 3422 jungitur
894 3323 1083 3420 synanche

121 3439 353 3539 tlryreoidea,
380 3441 479 3540 quod
506 3457 542 3514 et
568 3443 612 3514 ab
638 3441 688 3514 ill.
716 3467 760 3514 na
793 3440 979 3514 Wacrnan
1005 3455 1041 3512 et
1067 3468 1087 3512 a

473 3685 747 3710 W

127 3825 167 3882 (ι)
184 3819 212 3872 L.
232 3837 254 3872 c.
273 3821 405 3906 ndu-32.
