2586 4480
989 321 1036 376 nn

141 461 145 470 ,
198 419 336 500 Contra
352 439 395 493 aa
410 405 661 498 terrentidrem
677 411 798 492 morbi
818 415 1015 518 imaginem
1031 326 1088 498 ela·

118 553 333 643 presserunt
356 537 437 636 alii,
461 539 684 638 inquorum
709 561 862 616 nunmro
892 544 1087 643 praecipue

120 659 308 742 notandus
331 671 389 734 est,
411 655 461 734 ill
487 657 552 732 Pu.
578 656 642 732 Fa
669 681 714 733 nr
739 655 926 734 Wanrurn
952 666 1011 752 (1).
1044 663 1087 736 In

124 779 266 854 casibus
293 779 339 855 ab
363 778 428 855 illo
453 777 652 852 observatis
677 775 918 854 inflammatio
940 758 1088 877 glandu-

123 897 177 978 lae
204 898 441 1000 thyreoideae
467 896 700 974 vehementes
726 897 871 974 dolores
896 912 934 973 et
954 899 1088 984 brevis·

123 1019 217 1094 mmo
241 1018 417 1120 temporis
441 1014 501 1094 vel
512 1016 630 1126 *unius
645 1017 764 1090 noetis
781 1018 899 1118 spatio
916 1041 1088 1117 magnum

122 1149 326 1239 tumorem,
350 1161 497 1236 gravem
520 1160 601 1214 non
623 1135 743 1215 solum
760 1137 1007 1237 deglutitionis
1023 1139 1089 1216 sed

121 1259 234 1336 etiam
258 1257 467 1364 spirationis
492 1255 761 1358 difficultatem,
787 1260 980 1360 praecipue
1001 1283 1087 1336 vero

119 1378 316 1460 molestam
341 1379 471 1481 eapitis
496 1379 708 1478 gravitatem
732 1380 807 1455 sive
824 1378 1089 1483 temulentiam,

116 1523 311 1574 sustentem
330 1500 480 1575 'aunum
504 1511 614 1600 utque
630 1499 915 1599 propensionem
931 1500 979 1576 ad
1000 1495 1087 1576 hde-

117 1617 370 1718 morrlaagiam
394 1619 536 1696 narium
563 1616 751 1694 efficiebat
779 1619 913 1695 Omnia
929 1620 1086 1720 denique

117 1737 386 1839 incommoda,
409 1763 502 1840 quae
526 1741 568 1814 iu
593 1753 730 1816 struma
745 1736 972 1843 lymphatica
991 1739 1090 1814 lente
1113 1825 1120 1835 ι

117 1870 267 1938 ‚uatum
300 1873 501 1938 nascuntur
524 1873 567 1934 et.
585 1860 762 1961 paulatim
794 1874 992 1958 augentur,
1027 1860 1087 1935 hic

119 1977 244 2054 subito
270 1979 579 2078 ingravescebant.
596 1983 785 2082 Praeterea
802 2005 878 2055 non
893 1981 968 2056 levi
989 1979 1089 2069 febre

121 2101 248 2195 juncta
273 2099 479 2176 incedebat.
520 2162 525 2171 .
991 2163 994 2170 .

198 2219 372 2294 Ceterum
395 2219 446 2311 ill.
473 2245 518 2294 nra
543 2219 733 2296 Wanrunn
759 2220 929 2319 eredidit,
954 2245 1088 2325 aynan-

92 2337 218 2414 tehen
245 2339 516 2442 myrmidonum,
541 2343 572 2416 si
598 2365 680 2416 eam
705 2341 753 2417 ad
777 2355 935 2418 strumae
952 2343 1090 2442 species

121 2459 256 2532 referre
270 2458 442 2560 velimus,
457 2476 615 2540 sermm
631 2463 925 2558 inflammandae
941 2465 1091 2538 nomine

121 2578 339 2677 signandam
363 2597 459 2680 esse3
483 2583 524 2656 in
545 2607 619 2682 quo
636 2597 759 2654 tamen
775 2607 888 2680 quum
908 2583 955 2658 ob
974 2582 1090 2654 varias

123 2722 251 2774 eorum
275 2699 508 2802 morborum,
533 2704 596 2802 qui
623 2716 764 2776 tumore
791 2700 981 2800 glandulae
1007 2699 1090 2799 thy÷

87 2799 97 2818 l
122 2819 290 2893 reoideae
315 2822 473 2920 insignes
499 2836 601 2921 sunt,
627 2824 805 2920 rationes,
822 2835 901 2895 tum
918 2819 966 2897 ob
985 2845 1090 2896 verae

122 2939 334 3036 eyruanches
360 2941 595 3042 thyreoideae
620 2955 658 3016 et
682 2955 840 3018 strumae
857 2940 1012 3038 vulgaris
1040 2937 1092 3012 di·

124 3061 281 3136 seu'men
307 3061 519 3164 adstipulari
552 3065 587 3138 ei
619 3087 696 3139 nou
720 3088 879 3164 possum.
908 3059 1091 3162 Equidem

599 3363 604 3406 l

414 3413 825 3441 Μ

131 3611 175 3676 (r)
189 3609 251 3663 vid.
270 3612 304 3678 ej.
322 3610 395 3664 Neue
412 3610 516 3664 Heilart
533 3609 703 3682 derKropies
721 3611 806 3666 dumlr
824 3609 868 3696 die'
885 3573 1107 3680 lluterbiuduug

188 3697 236 3750 der
260 3698 345 3758 altem
366 3699 747 3788 Sehilddriireu-Solulagadern
769 3707 820 3755 ete.
846 3700 935 3756 Sulzb.
965 3701 1037 3771 ¹⁸¹7·
1063 3705 1087 3755 8.

189 3803 216 3854 e·
239 3804 276 3856 ¹7·
292 3804 352 3859 sru-
