2586 4480
1003 345 1076 422 229

132 467 150 499 n
184 433 350 508 molestia
375 434 533 536 quadam
558 459 677 512 aerem
703 439 878 538 inspirare
906 465 948 514 ao
975 445 1100 516 remit-

130 587 149 619 π
182 567 259 628 tere
286 571 437 655 queant:
462 556 550 631 hinc
576 560 675 632 enim
696 558 840 659 loquela
865 558 1012 637 illorum
1039 565 1100 638 arl-
1141 617 1145 624 -

130 709 148 742 2,
182 675 336 784 modum¹
359 677 525 754 mutilata
541 693 580 758 et
597 693 765 779 corrupta
783 681 841 778 fit,
859 680 947 756 dum
965 709 1099 782 magno
1193 680 1196 695 '

129 831 148 862 a
183 813 318 872 conatu
343 812 381 871 et
404 800 504 872 miris
530 799 789 898 gestationibus
806 801 916 876 verba
932 803 1026 878 male
1045 829 1097 878 ar·

128 952 146 985 n
181 917 331 992 ticulata
357 919 556 1021 proferunt.
583 920 735 994 Accedit
768 935 899 998 stertor
931 926 1097 1022 narium,

129 1073 147 1106 η
184 1039 341 1114 raucedo
367 1053 404 1112 et
429 1041 602 1140 asperitas
628 1039 756 1139 gulae,
792 1042 890 1116 unde
916 1068 1006 1116 voce
1032 1045 1098 1116 oh-

127 1194 145 1226 „
181 1173 262 1232 tusa
286 1174 324 1234 et
348 1185 457 1248 rauca
484 1187 551 1234 nec
578 1185 741 1260 unquam
758 1161 854 1236 clara
876 1162 1035 1262 gaudent
1062 1180 1098 1236 et

126 1317 145 1348 η
182 1283 340 1382 denique
364 1305 536 1380 sopores,
560 1283 753 1380 vertigines
780 1296 816 1356 et
842 1282 1032 1383 dispositio
1050 1285 1098 1356 ad

126 1438 144 1470 η
180 1402 408 1502 apoplexiam
426 1427 469 1474 ex
485 1404 754 1507 compressione
762 1429 942 1478 ‘vasorum
959 1407 1097 1501 sangui·

126 1559 145 1590 η
181 1523 341 1596 ferorum
367 1523 555 1619 oriuntur,
580 1548 675 1623 quae
700 1524 857 1598 reditum
874 1525 1095 1623 sanguinisa

126 1679 145 1711 n
181 1644 298 1745 capite
324 1642 500 1743 impedit,
525 1643 681 1742 ideoque
699 1644 990 1740 congestionibus
1016 1669 1095 1716 san·

124 1799 144 1830 n
180 1766 296 1862 guinis
322 1789 445 1838 versus
471 1777 581 1863 caput
611 1762 936 1856 vehementissimis
970 1787 1095 1836 ansam

126 1918 146 1949 a
181 1881 340 1981 praebet.
368 1916 384 1948 s

205 2003 419 2076 Graviorem
444 2002 540 2077 hanc
567 2002 686 2078 morbi
704 2003 833 2078 faciem
857 2028 922 2102 ego
949 2029 1093 2104 quoque

127 2125 317 2199 observavi
342 2129 381 2198 in
407 2128 641 2222 nosocomio,
667 2125 766 2226 quod
788 2115 1046 2225 Heidelbergae
1072 2153 1092 2198 a

123 2269 187 2316 me
213 2244 420 2317 institutum
446 2244 525 2318 suit.
551 2244 688 2318 Infanti
719 2246 817 2318 enim
850 2259 920 2316 tres
951 2243 1091 2316 hebdo-

123 2364 251 2444 madas
276 2379 363 2438 nato
386 2389 558 2463 magnum
575 2363 766 2464 glandulae
784 2365 1018 2466 thyreoideae
1037 2379 1092 2438 tu·

123 2511 289 2582 naorem,
316 2484 480 2560 dolorem
505 2500 542 2560 et
566 2511 643 2560 non
674 2485 793 2562 solum
820 2486 1067 2584 deglutitionis
1079 2537 1105 2584 ,v

124 2608 191 2680 sad
217 2621 254 2680 et
278 2608 524 2706 respirationis
550 2581 738 2680 summam·
748 2605 999 2678 difficultatem
1018 2605 1088 2678 effi·
1144 2653 1148 2662 ·

126 2728 246 2802 oiebat
270 2727 359 2800 haee
385 2727 642 2827 inflammatio,
667 2727 862 2826 praecipue
884 2750 968 2798 vero
989 2725 1088 2796 hirn-

126 2847 273 2922 ‹linibus
299 2849 433 2921 tumori
459 2849 633 2949 appositis
658 2861 696 2920 et
721 2843 799 2918 aliis
830 2844 998 2918 remediis
1025 2871 1089 2915 an-

124 2967 378 3066 tiplrlogistiois
405 2969 478 3040 cito
504 2967 552 3040 ad
576 2967 766 3040 sanitatem
793 2965 966 3065 perducta
994 2978 1058 3036 est.
1083 2965 1094 2974 ⁴

141 3145 144 3150 -
201 3089 304 3162 Hanc
332 3087 449 3162 morbi
474 3086 663 3161 historiam
687 3091 761 3186 jam
785 3085 829 3160 D.
855 3086 956 3158 Fam.
984 3083 1088 3154 Orro

124 3213 237 3282 Hans.
255 3208 442 3305 Hiran-an,
469 3207 680 3308 ‹lisciplinae'
698 3232 799 3280 meae
816 3205 983 3279 alumnus
1002 3203 1088 3274 dile-

124 3344 223 3425 ctus,
240 3330 279 3399 iu
296 3326 546 3402 dissertatione
564 3353 628 3400 sua
646 3324 846 3424 inaugurali
859 3331 906 3416 (1)
921 3322 1081 3424 tradidit.

451 3591 765 3614 w

128 3738 168 3795 (r)
187 3729 253 3780 Dies.
272 3727 332 3780 snt.
355 3686 595 3780 animadversiones
619 3725 652 3777 de
676 3723 858 3778 affectionibus
880 3721 1084 3775 inflammatoriis
1114 3779 1122 3786 .

186 3815 324 3884 glandulae
342 3814 521 3890 thyrroirlrae.
540 3813 661 3866 Heidelb.
683 3814 754 3867 1823.
772 3814 797 3866 8.
814 3831 841 3882 p.
862 3812 944 3884 ¹3‘ll·

185 3903 208 3975 i.
227 3922 471 3987 nana-voni
911 3920 961 3970 lt*
