2614 4476
246 273 315 325 roe

214 367 466 468 assumptione
491 365 630 440 acrium
662 351 974 464 ropheneceorum
998 376 1037 438 et
1060 364 1180 440 acido·

214 516 301 564 rum
329 485 587 586 'vegetabilium
618 486 870 586 piperatorum
900 487 1114 585 praesertim
1144 488 1181 560 in

215 610 310 684 latus
342 608 510 682 dextrum
543 606 761 680 concederet
772 662 784 705 ‚
822 631 915 704 uec,
947 607 1021 680 nisi
1050 631 1180 707 magno

74 729 84 742 ⁸
215 753 346 805 eorum
369 733 476 829 eopia
504 726 780 825 comederetur,
813 725 1027 834 universalis
1058 729 1182 800 lieret:

213 849 407 950 eidemque
432 847 487 922 illi
513 847 710 948 aliquando
743 848 783 919 in
817 871 1039 947 paroxysmo
1061 847 1183 949 hypo.

216 968 443 1048 chondrieco
455 1023 469 1068 ⁷
504 994 617 1070 quum
650 969 691 1044 in
722 967 818 1042 lecto
855 994 879 1042 e
909 967 1038 1044 dextro
1069 968 1182 1042 latere

216 1115 342 1168 versus
365 1092 553 1168 sinistrum
582 1113 620 1166 te
652 1101 816 1163 moveret
846 1101 957 1188 etque
979 1090 1023 1160 in
1046 1113 1092 1162 eo
1119 1115 1182 1161 ειν
1292 1103 1293 1110 ’

216 1209 344 1310 beret,
368 1211 497 1305 sudor,
522 1210 586 1310 qui
611 1209 779 1282 dextrum
802 1207 896 1282 leurs
921 1223 1183 1313 occupaverat,

217 1332 378 1418 deseruit
402 1330 515 1428 illud,
539 1343 580 1404 et
602 1331 642 1404 in
668 1331 853 1404 sinistrum
877 1330 1058 1427 migravit

292 1458 319 1542 §.
343 1449 403 1554 75.
425 1451 575 1524 'Praeter
599 1476 795 1525 nervorum
824 1449 1057 1543 efficientiam
1081 1449 1183 1524 nolle

210 1571 284 1646 elia
309 1572 528 1670 incorpore
554 1572 665 1644 tentis
688 1569 999 1646 vicissitudinibus
1023 1569 1183 1646 obnoxie
1293 1641 1294 1644 ,

214 1705 348 1790 estet,
373 1693 414 1764 in
439 1692 552 1766 modo
577 1693 752 1792 appositis
779 1690 951 1791 exemplis
984 1713 1183 1767 nervorum

170 1825 173 1832 ’
213 1815 352 1887 variam
366 1814 621 1909 incitationem
634 1814 724 1886 varii
740 1812 881 1886 sudoris
897 1837 1043 1885 causam
1060 1811 1182 1912 fuisse,

213 1934 275 2009 rix
287 1933 417 2034 aliquis
431 1933 574 2006 inficias
590 1932 669 2005 ibit.
689 1933 727 2004 Si
744 1958 831 2007 vero
848 1959 933 2006 cum
954 1931 1182 2008 hisce-sudo·

211 2079 270 2130 res
294 2051 466 2126 dimidiae
492 2053 598 2126 faciei
621 2059 648 2143 5.
674 2079 735 2152 9²·
762 2051 889 2128 allatos
907 2077 1179 2152 comparemus:

211 2175 243 2250 si
268 2173 387 2273 capite
411 2171 580 2273 pluribus
601 2199 797 2248 nervorum
824 2174 986 2248 cutaneis
1011 2171 1180 2274 plexibus
1295 2251 1296 2256 ,

212 2291 410 2366 excellente
434 2291 573 2366 nullom
598 2295 761 2394 corporis
777 2308 919 2392 purtem
939 2293 1100 2368 dimidio
1112 2317 1178 2369 mo

209 2412 322 2488 lutere
347 2410 496 2510 sudore,
524 2412 582 2488 rel
597 2413 751 2488 modum
771 2413 983 2512 excedente,
1000 2413 1060 2490 vel
1075 2441 1179 2516 pree·

210 2548 266 2608 ter
290 2545 458 2610 naturam
484 2531 693 2632 deficiente,
716 2536 859 2635 saepius
883 2533 1050 2608 laborare
1083 2539 1178 2634 eogi-

209 2667 343 2728 temus:
361 2653 392 2726 si
406 2677 530 2726 eemm
546 2655 723 2753 portium,
741 2678 893 2755 querum
911 2656 1013 2728 nervi
1027 2651 1177 2730 resoluti

93 2793 96 2799 “
209 2787 314 2871 sunt,
339 2759 487 2846 auctum
504 2773 676 2848 sudorem
691 2775 969 2875 perpendimus,
988 2799 1057 2848 nec
1076 2800 1177 2878 prae·

213 2892 469 2990 remittimus,
491 2891 538 2966 ab
564 2895 676 2966 animi
702 2886 889 2970 effectibus
920 2919 1026 2996 saepe
1055 2910 1175 2972 totum

210 3037 343 3112 corpus
368 3012 517 3088 madore
542 3013 732 3113 perfundi:
758 3017 820 3092 vix
843 3037 1051 3116 possumus,
1084 3019 1174 3116 quin

210 3157 422 3234 persuasum
446 3132 662 3233 habeamus,
688 3137 807 3209 omnis
832 3136 974 3210 sudoris
993 3121 1175 3214 dimidiati

211 3275 357 3326 causam
382 3277 578 3330 nervorum
602 3255 854 3330 incitationem
871 3281 947 3330 esse
962 3257 1003 3330 in
1019 3271 1173 3358 utreque

209 3373 372 3472 corporis
397 3359 547 3446 dimidia
572 3390 674 3475 parte
700 3375 937 3450 differentem.
961 3377 1037 3452 Nec
1067 3405 1173 3479 repu-

207 3505 295 3590 gnat
324 3493 358 3563 ei
389 3494 499 3567 sudor
532 3519 553 3566 a
584 3497 702 3594 prima
735 3497 891 3573 infantia
923 3499 963 3570 in
996 3496 1170 3574 alterutro

207 3609 319 3688 latere
342 3614 460 3686 maior
484 3616 665 3714 minorve,
692 3615 737 3690 de
763 3617 901 3691 fabrica
926 3621 1026 3691 enim
1050 3634 1089 3694 et
1113 3645 1170 3693 or-

207 3730 430 3831 ganisatioue
455 3732 700 3815 exhalantium
724 3762 891 3816 vasorum
919 3737 1060 3816 diversa
1081 3741 1169 3845 quin
