2586 4480
248 303 319 352 202

220 397 399 494 vergentis
424 393 523 493 fons,
548 399 693 496 penitus
708 398 757 470 ad
772 398 912 472 laevam
929 401 1109 472 concessit
1122 407 1179 473 'at-

220 537 291 613 que
317 514 502 614 pulmonis
528 515 643 588 dextri
668 518 846 616 insignior
869 531 924 590 est
955 519 1179 617 magnitudo.

219 633 278 708 ud
309 635 381 710 hoc
414 649 452 708 et
485 635 657 710 carotidis
690 635 837 710 dextrae
871 640 972 737 origo
1003 653 1181 713 etrunoo

219 780 427 856 anonymo,
452 769 737 857 propterquam
771 760 983 855 sanguinem
1001 758 1064 839 ,ad
1096 746 1181 834 desss

221 889 313 948 tram
340 877 468 975 capitis
500 889 641 975 partem
674 877 803 950 maiori
835 876 1066 952 vehementia
1098 879 1183 954 ferri

221 993 414 1095 probabile
439 1009 495 1068 est
502 993 721 1093 ,eiusdem,
752 1009 789 1068 ct
823 995 962 1068 cerebri
994 995 1155 1069 dextri
1145 1021 1184 1070 m

218 1116 338 1212 specie
346 1169 357 1212 ,
372 1117 547 1188 maiorem
565 1113 724 1244 aliquam
740 1117 999 1214 praestantiam
1020 1115 1185 1190 indicare

220 1233 374 1306 videtur.
441 1292 445 1298 .
1096 1253 1099 1256 ·

294 1353 429 1444 4143.
456 1351 614 1450 Quodsi,
641 1375 733 1453 quac
750 1352 995 1454 superioribus
1020 1379 1186 1453 paragra·

220 1471 304 1571 pluis
329 1471 376 1545 dc
400 1474 639 1571 vegetationis
656 1475 753 1546 vitiis
772 1495 903 1574 'corpus
920 1476 995 1548 sive
1017 1473 1184 1548 dextrum

217 1594 298 1666 sire
324 1593 512 1668 sinistrum
537 1591 732 1666 dimidium
757 1617 843 1692 prae
869 1592 984 1666 altero
1002 1593 1186 1692 diligenti·

220 1712 289 1785 bus
313 1725 394 1784 acta
419 1724 520 1810 suut,
555 1715 744 1812 componis
769 1711 956 1812 probeque
971 1713 1186 1812 perpendis,

222 1833 252 1903 si
277 1855 419 1905 summo
457 1831 637 1926 consensu
668 1834 778 1904 etiam
802 1855 1006 1905 *nervorum
1038 1833 1186 1904 morbos

220 1950 465 2050 idiop'athicos
492 1952 678 2025 sinistrum
704 1949 798 2022 latus
828 1952 1000 2049 prosequi
1031 1953 1185 2048 cogitas:

220 2069 413 2167 intelligis,
437 2095 546 2168 quam
572 2068 680 2168 longe
705 2061 848 2141 aresta
874 2071 933 2141 via
952 2068 1186 2165 deflexerint,

118 2183 121 2198 '
220 2191 283 2286 qui
309 2214 330 2260 c
357 2188 633 2264 conditionibus
658 2188 706 2262 ad
731 2188 888 2288 singulas
917 2179 1030 2261 modo
1065 2193 1186 2288 partes

221 2309 486 2406 pertinentibus
500 2310 640 2406 singula
657 2305 910 2408 phaenomena
924 2307 1108 2408 explicare
1117 2323 1187 2381 stu·

224 2428 407 2525 ducruut,
433 2425 655 2528 negligentes
687 2429 858 2525 omnino,
890 2451 1021 2525 parsnc
1058 2428 1188 2505 eadem

224 2547 295 2622 alio
321 2547 432 2622 modo
457 2551 497 2619 in
523 2543 654 2621 eodem
680 2547 839 2622 alterove
871 2547 983 2619 latere
1017 2548 1188 2649 frequen»

147 2652 149 2656 ’
222 2670 295 2742 tius
311 2661 616 2767 prehenderetur,
634 2693 729 2741 anne
745 2665 862 2739 affinis
880 2665 1022 2740 idemve
1035 2667 1190 2740 morbus

157 2823 163 2835 ·
220 2790 273 2859 iu
288 2786 358 2860 alia
383 2799 485 2886 parta
510 2785 640 2860 eodem
667 2813 704 2860 se
731 2785 884 2860 haberet
907 2784 1040 2884 modo,
1063 2807 1197 2885 parem

222 2907 347 3006 itaque
379 2903 636 3004 explicationis
663 2904 817 2998 modurn
847 2902 1065 3006 postularet,
1098 2903 1192 2979 illibi

224 3025 432 3100 adhibitum
457 3022 580 3104 autem
605 3050 716 3126 quam
732 3026 889 3098 maxime
903 3038 1110 3126 respueret:
1126 3050 1192 3100 un·

146 3168 149 3174 ·
226 3145 272 3220 de
292 3147 374 3220 ‘fieri
400 3171 477 3219 non
502 3147 640 3246 potuit,
667 3147 757 3246 quin
783 3138 941 3220 rationes
958 3143 1005 3216 ab
1025 3145 1118 3244 ipsis
1136 3170 1194 3218 ex-

225 3269 402 3364 cogitatae
416 3265 477 3339 hio
493 3265 568 3339 illic
584 3265 645 3342 vel
657 3247 780 3366 aperte
798 3265 867 3338 sibi
885 3263 1191 3343 contradicerent.

224 3385 519 3459 Differentiarum
545 3388 708 3486 corporis
734 3385 903 3457 dimidias
928 3397 1049 3482 partes
1081 3386 1194 3458 inter-

228 3507 454 3603 cedentium,
481 3531 570 3605 quas
596 3531 785 3604 aegrorum
818 3505 1022 3578 observatio
1056 3503 1193 3578 hucus-

229 3650 299 3721 que
325 3622 432 3696 nobis
457 3622 608 3720 obtulit,
627 3638 741 3722 totam
758 3648 937 3696 summam
955 3624 1192 3721 respiciamus

228 3764 376 3814 necesse
393 3755 464 3839 est,
482 3745 520 3816 si'
531 3744 755 3843 frequentiae
775 3745 961 3847 variorum
976 3741 1194 3842 morborum
