2594 4474
975 253 1021 354 la

104 376 246 478 paralysi
271 373 407 450 'cerebri
432 373 545 449 modo
570 371 751 446 abscessui
769 373 836 468 (ι),
853 369 966 446 modo
981 371 1051 446 lae·

104 498 249 571 sionibus
273 499 427 571 externis
454 502 526 592 (a),
559 495 676 592 iisque
703 507 782 566 tum
807 490 957 566 demum
982 494 1050 566 im·

102 620 230 718 primis,
256 645 367 718 quum
391 619 431 690 in
457 615 758 715 suppurationem
781 613 939 686 sauciata
966 639 1049 713 pars

101 739 266 810 transierit
300 739 348 830 (3)
380 736 589 837 snper-venit
602 789 613 830 ,
646 735 697 806 ita
728 734 974 809 Hierocaarrs
1000 736 1049 828 (4)

102 871 230 930 tantum
255 883 332 930 non
355 881 497 955 semper
517 881 601 930 vere
627 852 766 926 dixerit.
801 885 818 918 u
844 853 882 926 si
908 855 1052 926 sinistra

101 1009 114 1041 n
142 979 263 1076 capitis
287 990 390 1077 parte
415 976 519 1048 ulcus
545 975 670 1070 fucrit,
697 973 861 1046 dextram
888 975 1051 1072 corporis

98 1128 113 1161 n
140 1111 274 1196 partem
300 1096 489 1171 convulsio
515 1093 730 1195 prehendit:
757 1094 899 1166 sivero
926 1093 1052 1166 dextra

99 1245 114 1282 s
142 1219 263 1318 capitis
287 1231 394 1319 perte
416 1216 520 1290 ulcus
553 1215 685 1312 luerit,
718 1215 862 1292 sinistra
890 1215 1051 1314 corporis

98 1367 113 1402 a
139 1363 218 1437 pars
243 1337 483 1416 convulsione
508 1337 712 1436 corripitur.
737 1367 756 1404 n

101 1485 105 1518 τ
160 1463 184 1546 i.
211 1459 268 1552 34.
294 1459 353 1532 Ad
378 1456 570 1559 enccplrali
591 1456 799 1530 abscessum
816 1454 1052 1530 accedentem

98 1578 191 1651 nnius
214 1578 337 1656 lateris
362 1577 656 1675 convulsionem,
682 1577 736 1650 uti
763 1590 959 1650 tremorem
981 1575 1051 1650 bac

97 1721 134 1772 ex
156 1725 259 1772 cansa
277 1714 420 1798 ortum,
445 1725 467 1790 a
491 1699 643 1774 sinistris
660 1698 802 1796 saepius
820 1698 1051 1795 contingere,

96 1819 390 1915 praesumendum
415 1832 487 1915 cst,
504 1815 713 1917 frequenter
728 1839 815 1890 vero
833 1841 875 1888 ca
893 1843 970 1890 non
990 1816 1051 1890 ob

97 1939 195 2011 venit.
219 1980 271 2002 η·-
295 1941 439 2024 Eorum
469 1936 601 2010 deinde
636 1925 808 2034 casunm,
841 1933 906 2008 ubi
938 1935 1051 2008 altero

96 2051 195 2130 latere
219 2057 439 2158 hcmiplegia
464 2057 639 2154 resoluta,
665 2057 818 2128 alterum
844 2053 1061 2141 convulsioz

96 2175 193 2250 nibus
217 2192 448 2276 moveretur,
482 2179 556 2252 sive
588 2189 674 2278 post
699 2178 828 2277 capitis
853 2176 1052 2274 laesiones,

95 2297 161 2370 rive
185 2315 268 2398 post
296 2298 547 2399 apoplexiam,
580 2299 786 2398 pariterque
813 2321 963 2394 corum,
989 2294 1053 2369 ubi

95 2433 170 2513 post
194 2421 324 2520 capitis
348 2417 525 2492 laesiones
550 2418 704 2492 alterum
721 2417 839 2490 solum
855 2416 950 2488 latus
969 2441 1054 2490 con-

92 2535 300 2637 iellerctur,
325 2538 437 2612 altero
465 2538 522 2613 vcl
553 2539 705 2610 minime
730 2535 790 2612 vel
814 2535 943 2610 lc'vitcr
968 2536 1053 2608 affe·

98 2669 169 2755 cto,
193 2659 376 2759 permulto
401 2658 565 2759 pluribus
584 2658 751 2731 dextrum
768 2656 983 2730 convulsum
1000 2668 1054 2726 cst

97 2799 199 2872 qnam
224 2781 420 2854 sinistrum.
438 2780 513 2856 Nec
531 2806 606 2854 non
625 2781 697 2851 tria
723 2777 804 2874 illa,
831 2802 922 2876 qnae
949 2777 1053 2873 novi,
1168 2787 1169 2790 ’

98 2892 211 2972 lateris
223 2901 388 2976 ciusdem
400 2955 410 3000 7
424 2902 462 2972 in
480 2927 553 3000 qno
572 2899 710 2974 cerebri
727 2888 856 2972 vitium
871 2897 1054 2993 haereret,

400 3165 750 3190 W

102 3326 136 3387 (ι)
152 3325 246 3379 Cnrarc
271 3343 312 3396 ap.
331 3325 450 3398 Porrpnr
473 3323 510 3394 5¹¹.
523 3321 600 3374 mrim.
623 3313 657 3372 dc
679 3321 780 3392 l'acad.
802 3340 823 3376 r.
842 3321 894 3375 'rlcs
918 3339 953 3374 sc.
981 3339 1052 3390 ¹7⁰⁰·

151 3429 176 3481 r·
194 3413 235 3481 ll·
254 3415 309 3467 obs·
332 3431 370 3482 ¹9·
633 3408 636 3421 ’

69 3535 77 3564 p
102 3501 137 3562 (α)
153 3501 286 3554 annrcrns
303 3503 383 3555 linc.
399 3500 417 3552 l.
436 3517 458 3552 c.
478 3500 554 3552 Cent.
573 3500 607 3552 ll.
626 3499 683 3553 obs.
702 3501 743 3552 25.
1046 3563 1052 3578 Ι

97 3583 137 3651 ’(3)
154 3581 271 3642 Pomm
288 3583 306 3641 l.
316 3583 347 3641 ²c.
357 3583 502 3642 'Moesiam
524 3584 542 3639 l.
566 3603 590 3639 c.
609 3587 657 3659 Ep.
675 3587 717 3640 51.
734 3603 762 3638 n.
781 3585 822 3652 45.
840 3583 946 3652 Quibus
964 3583 1052 3638 forsan

154 3674 317 3728 adliciendos
329 3677 379 3730 nn.
391 3677 562 3728 Brnrnomros
579 3671 640 3728 bist.
659 3681 729 3728 anat.
748 3689 801 3726 rar.
820 3671 895 3724 (lent.
908 3671 943 3726 V.
955 3671 1015 3724 bist.
1029 3687 1053 3724 2.

104 3757 140 3828 (l)
156 3761 213 3816 Lib.
231 3763 264 3817 de
281 3764 375 3838 capitis
392 3763 556 3818 irrisoribus.
