2614 4476
243 305 292 377 88

111 473 114 479 n
219 449 352 525 corpus
377 426 643 522 vegetationem
667 426 788 498 minus
813 427 933 526 vigere
949 439 987 501 et
1003 425 1091 504 lrinc
1108 429 1186 504 eius

216 543 339 620 lateris
364 569 451 646 prae
476 542 591 620 altero
616 548 734 621 maius
760 547 872 646 frigus
904 574 982 622 esse
1014 549 1187 626 observa·

217 693 315 765 mus,
342 667 516 741 adiuncto
540 665 654 740 modo
680 668 795 741 nimio
820 667 962 744 sudoris
995 697 1061 770 per
1092 671 1187 744 reln-

167 875 170 885 7
215 803 297 862 xata
310 811 394 862 vasa
411 799 563 861 cutanca
579 786 1185 891 profluvio,1nodoperspirntionis

216 921 389 982 cntaneae
414 907 581 982 abnormi
605 909 878 1008 interceptione.
905 909 962 983 Ite
986 936 1029 983 cx
1056 911 1184 986 adver·

215 1056 256 1104 so
289 1029 444 1104 alterum
477 1029 641 1129 corporis
674 1028 769 1102 latus
802 1053 889 1130 prae
912 1019 1036 1121 ssaltero
1068 1036 1184 1132 magis

187 1150 373 1250 ‘calefieri
406 1148 589 1246 videmus,
623 1148 756 1222 comite
790 1148 1003 1251 plerumque
1029 1151 1184 1252 largiore

215 1271 372 1369 sudore,
405 1273 435 1344 si
468 1267 614 1346 vascula
626 1325 638 1368 ,
670 1269 802 1372 quibus
835 1274 1015 1372 vegetatio
1049 1275 1090 1346 in
1116 1274 1182 1349 illo
1298 1333 1302 1337 -

214 1394 418 1495 perficitur,
444 1393 552 1466 nimis
582 1393 786 1493 cuicunque
820 1393 969 1468 stimulo
1005 1393 1185 1469 obediunt

190 1529 253 1588 et
279 1511 420 1588 facilius
445 1515 489 1586 iis
506 1513 661 1588 'alterius
672 1513 799 1586 lateris
825 1514 873 1586 ad
899 1527 1044 1588 auctam
1070 1518 1184 1590 actio·

213 1661 299 1710 nem
330 1637 555 1720 incitantur·
575 1635 687 1708 Cuius
720 1636 906 1735 utriusque
936 1637 989 1708 rei
1015 1637 1182 1737 exempla

213 1757 282 1832 sub
307 1756 439 1832 sudore
472 1755 663 1839 dimidiato
695 1774 781 1836 mox
812 1756 1036 1861 recensendo
1069 1783 1183 1858 quae·

161 1923 163 1932 r
214 1907 280 1955 ras.
305 1923 356 1936 —
379 1879 718 1992 brrrmunruslrl
732 1891 857 1977 ,utut
882 1877 1051 1978 pulsum,
1082 1879 1184 1955 calo·

214 2028 293 2076 rem
338 2025 482 2102 quoque
523 2001 574 2090 inl
609 1999 735 2074 dextro
780 1997 933 2073 bracllio
980 1999 1182 2101 dextroque

212 2135 361 2224 pectore
385 2118 425 2195 in
449 2119 592 2196 duobus
623 2118 851 2194 moribundis
876 2121 1017 2196 invenit
1041 2122 1181 2196 sinistri

32 2245 35 2252 ’
108 2248 110 2252 ’
212 2242 346 2328 lateris.
361 2241 479 2336 calore
504 2241 552 2316 ad
577 2241 726 2342 aliquod
758 2255 901 2343 tempus
934 2237 1178 2342 superstitem.

96 2427 102 2438 .
212 2366 385 2464 Quaestio
418 2364 589 2442 obiicitur
601 2389 734 2460 ‚num
766 2364 888 2437 forsan
913 2363 954 2436 in
978 2362 1180 2466 plerisque,
1305 2381 1306 2404 ³

211 2487 320 2561 sicuti
343 2485 469 2587 pulsus
496 2465 641 2560 dextrae
666 2485 817 2560 arteriae
840 2483 985 2558 radialis
1009 2483 1178 2585 pulsibus

212 2609 377 2683 sinistrae
417 2606 597 2709 pleniores
634 2621 672 2680 et
713 2606 898 2682 fortiores»
917 2631 994 2679 esse
1034 2605 1180 2706 solent,
1304 2635 1305 2646 ¹

212 2729 327 2805 dextri
355 2727 496 2806 brachii
532 2728 591 2802 vel
627 2727 735 2802 totins
768 2727 889 2801 lateris
906 2726 1041 2800 ‘dextri
1076 2727 1179 2800 calor

212 2851 349 2924 sinistri
372 2849 494 2925 lateris
521 2849 653 2924 calore·
666 2848 852 2951 aliquanto
868 2849 986 2936 maior
1002 2849 1069 2922 sit:
1087 2871 1181 2921 num

211 2970 335 3045 forsan
360 2959 596 3070 vegetationis
621 2973 661 3044 in
686 2970 813 3047 dextro
837 2970 949 3045 latere
981 2970 1100 3044 maior
1119 2971 1183 3042 sit

212 3094 373 3191 energia,
399 3117 509 3193 quarn
535 3095 575 3166 in
602 3093 758 3166 sinistro.

286 3217 312 3302 §.
346 3211 407 3286 63.
439 3212 492 3286 Ut
531 3211 679 3292 tandem
718 3212 762 3285 de
781 3209 886 3313 febri
917 3215 1026 3286 unius
1058 3211 1181 3286 laurae

211 3331 322 3404 verba
357 3333 512 3444 faciam,
546 3358 811 3434 nonnunquam
843 3332 1075 3407 observatum
1100 3345 1179 3427 est,

213 3451 368 3550 singulas
392 3469 529 3554 partos,
554 3455 612 3530 vel
637 3468 722 3556 post
746 3453 1027 3555 praeterlapsam
1052 3475 1180 3528 veram
1301 3481 1302 3523 r

213 3815 256 3878 (¹)
273 3816 302 3870 L.
321 3834 344 3868 c.
