2586 4480
153 297 156 302 ·
257 271 330 321 200

229 389 307 440 uon
333 364 519 438 sinistrum
546 385 692 463 quoque
716 383 828 462 prave
853 377 908 437 est
940 351 1163 441 efformatum
1173 419 1190 461 ‚‚

209 485 279 570 ’-,
291 484 389 558 unde
415 483 550 584 duplex
565 481 702 556 labium
718 480 942 581 leporinum,
952 525 1008 599 ¹-
1023 486 1181 584 septique
1229 519 1233 524 ·

227 629 312 704 pars
337 603 489 678 inferior
515 629 535 674 a
562 600 686 676 dextra
711 602 855 674 maxilla
871 602 1014 701 longius
1035 604 1187 704 plerum-

228 752 300 826 que
325 724 438 801 distat
462 749 571 824 quam
597 750 619 796 a
643 725 788 798 sinistra
815 725 874 818 (1).
902 726 1074 815 Quocum
1101 752 1183 820 con·

226 849 348 944 versit,
373 847 503 922 sinum„
520 843 732 918 frontalium
757 823 902 948 septum
927 845 1056 920 crebro
1076 849 1184 944 magis

226 967 273 1042 ad
299 968 461 1042 dextram
486 991 632 1062 vergere
658 966 914 1064 sinistrumque
940 991 1073 1040 cavum
1104 967 1185 1040 dex·

224 1105 281 1164 tro
307 1089 512 1188 saepissime
538 1084 693 1185 amplius
720 1111 796 1158 esse
821 1087 894 1183 (2);
919 1087 1018 1160 uude
1044 1092 1187 1175 narium

224 1235 368 1310 quoque
394 1221 538 1307 septum
563 1205 727 1305 partibus
753 1207 863 1312 etiam
892 1206 987 1280 bene
1022 1208 1185 1282 formatis

224 1330 448 1429 frequentius
466 1327 514 1400 ad
530 1323 671 1409 dextras
691 1326 851 1400 conchas
869 1329 1018 1426 propius
1037 1329 1185 1404 accede·

224 1477 262 1532 re
287 1448 476 1549 probabile
501 1450 551 1522 fit.
578 1448 622 1520 In
648 1448 758 1520 uteris
783 1446 904 1521 bifidis
920 1462 956 1520 et
972 1449 1186 1524 bicornibus

223 1569 355 1652 deiude
389 1569 512 1642 dextra
547 1593 629 1667 pars
662 1569 805 1640 sinistra
821 1611 823 1624 ·
839 1570 991 1642 crassior
1023 1568 1192 1670 plerum.

222 1717 292 1791 que
317 1688 542 1789 deprebensa
563 1701 676 1762 estse
695 1688 807 1786 magis
832 1688 1004 1788 perlecta.
1037 1691 1184 1762 Musca.

220 1811 276 1888 los
301 1812 442 1910 saepius
466 1810 507 1882 in
533 1807 659 1880 dextro
685 1806 797 1909 latere
829 1832 938 1905 quam
969 1809 1008 1880 in
1035 1811 1187 1896 sinistro

223 1931 347 2006 adesse
372 1927 588 2028 superfluos,
611 1929 883 2002 bsuruaunruu
902 1941 999 2002 recte
1017 1934 1185 2004 statuisse

224 2079 243 2126 e
269 2051 487 2150 comparatis
512 2050 597 2120 satis
630 2049 830 2120 numerosis
864 2047 1188 2134 observationibus,

128 2267 132 2274 ι
223 2172 401 2272 comperi5
427 2168 567 2242 efficere
593 2193 678 2242 vero
709 2168 847 2266 nequii,
882 2193 972 2241 nuru
1004 2171 1044 2242 iu
1071 2169 1184 2249 latere

223 2291 368 2364 sinistro
393 2313 413 2360 e
439 2286 622 2362 contrario
647 2309 686 2358 re
704 2310 787 2359 vera
804 2285 1027 2384 frequentius
1046 2289 1184 2390 singuli

222 2408 480 2483 desiderentur.
507 2406 639 2481 Itidem
664 2403 856 2478 in‘dextro
883 2419 1059 2503 meteres,
1085 2425 1183 2484 arte·

202 2531 295 2612 riae
321 2553 505 2626 venaeque
531 2525 670 2599 reuales
694 2524 800 2622 louge
818 2523 979 2598 crebrius
994 2524 1162 2626 duplices
1168 2577 1186 2628 ,ι
1283 2533 1284 2544 ’

220 2651 289 2724 hae
320 2648 380 2734 vel¹
410 2647 570 2748 triplices
605 2645 931 2746 quadruplicesque
966 2644 1182 2747 adfuerunt,

224 2772 330 2867 dum,
355 2771 387 2842 si
412 2768 529 2842 defuit
554 2765 644 2842 alter
668 2768 786 2864 testis,
821 2768 999 2865 orarium,
1032 2767 1183 2868 pulmo,

220 2891 360 2990 saepius
386 2887 495 2962 luerit
520 2888 680 2986 sinister,
705 2886 793 2974 dum
819 2900 856 2960 et
872 2885 1010 2960 cerebri
1033 2890 1180 2966 sinistra
1283 2881 1284 2896 ¹

220 3035 302 3112 pars
329 3007 488 3082 crebrius
513 3033 555 3080 ac
581 3006 707 3102 dextra
731 3007 954 3106 imperfecte,
969 3005 1089 3080 evolvi
1124 3011 1178 3083 vi·

222 3131 364 3206 deutur:
392 3128 540 3202 alteram
566 3128 665 3201 enim
689 3126 785 3200 basis
810 3127 923 3200 cranii
956 3141 1116 3226 partem,
1143 3145 1185 3220 et
1283 3173 1284 3231 j

167 3349 170 3352 y
220 3251 403 3324 sinistram
428 3248 577 3347 quidem
605 3248 831 3349 praesertim,
864 3249 904 3320 iu
938 3249 1178 3324 semicretinis
1279 3329 1283 3336 ¹

226 3673 264 3730 (r)
281 3668 390 3719 bircam.
408 3669 424 3719 l.
439 3687 465 3724 c,
485 3687 511 3739 p.
530 3667 589 3733 545.

225 3762 263 3818 (a)
278 3756 452 3808 assumam
471 3757 571 3828 prolus.
590 3760 659 3806 auat.
678 3750 711 3806 dc
729 3752 831 3806 sinibus
849 3753 954 3808 ueniat.
977 3773 1048 3824 ¹775>
