2614 4476
919 319 920 326 ,
980 276 1029 373 93

106 401 203 474 latere
225 425 329 500 ‚aqua
362 397 540 499 impleta,
572 399 613 470 in
650 398 796 470 sinistro
828 393 902 468 fere
937 395 1056 493 sicca,

106 520 313 622 lymphatica
339 518 455 594 dextri
478 518 601 592 lateris
627 531 813 592 vasatum
840 517 962 590 tenuia
975 533 990 614 ²,
1012 531 1054 589 ut

106 644 157 716 vix
179 639 584 732 continerentma'ssam
597 638 804 736 iniectam,
831 636 920 710 dum
945 639 985 710 in
1011 642 1055 710 si·

107 763 198 834 nistri
211 762 332 836 lateris
347 786 432 836 vasa
450 785 496 832 ne
513 759 726 841 tenuissimo
740 757 889 858 quidem
902 747 1056 858 siphone

101 893 278 980 penetrare
302 894 467 981 poterat:
493 878 943 980 nervuminteroostalem
956 905 967 978 ,
980 903 1055 953 vva-

108 1027 197 1101 gum,
220 1000 538 1103 brachialemleto.
564 1000 606 1071 in
631 997 757 1073 dextro
774 997 886 1072 latere
913 999 1058 1099 molles,

100 1123 146 1194 in·
159 1117 297 1196 sinistro
324 1109 457 1204 duros:
479 1123 520 1193 in
546 1119 671 1194 dextra
696 1117 856 1193 thoracis
872 1135 975 1220 parte
993 1120 1059 1220 hy-

104 1241 263 1342 dropem,
288 1268 374 1319 vasa
390 1226 626 1342 *lymphatica
653 1239 822 1340 dilatata,
841 1242 887 1315 in
913 1242 1058 1314 sinistra

101 1361 300 1458 pulmonem
339 1363 486 1462 pleurae
526 1361 784 1436 adhaerentem
826 1387 894 1450 neo
931 1362 1059 1435 -uliurn

101 1505 210 1556 serum
247 1483 425 1558 effusum:
467 1485 507 1555 in
546 1481 742 1556 abdomine
779 1482 894 1584 hepar
932 1483 1058 1557 solitae

102 1599 236 1699 quidem
260 1601 543 1702 magnitudinis,
570 1602 634 1674 sed
651 1605 756 1676 iusto
773 1603 937 1702 mollius,
952 1603 1058 1704 'sple-

100 1745 177 1806 nem
200 1725 259 1797 ovi
289 1721 551 1820 magnitudinis
585 1735 621 1794 et
655 1724 766 1797 corio*
789 1721 968 1820 similem,
1004 1750 1059 1794 re-

103 1865 178 1914 nem
190 1896 200 1939 ,
221 1857 428 1939 ureterem,
462 1839 669 1916 testiculum
702 1869 721 1914 a
752 1841 877 1914 dextra
910 1856 1058 1939 aneton,

103 1962 279 2044 asinistra
305 1962 531 2036 abnormiter
555 1987 706 2062 parvos:
733 1962 866 2062 pedem
892 1962 1060 2034 dextrum

101 2080 276 2156 oedemate
305 2075 508 2181 tumidum,
532 2083 718 2158 sinistrum
735 2083 809 2156 fere
828 2086 1057 2165 exsiccatum.
1139 2108 1141 2114 ·

87 2185 162 2272 'Atii
186 2186 269 2276 octo
297 2203 413 2301 aegri,
440 2227 550 2302 quos,
577 2203 684 2276 sicuti
701 2200 822 2302 illum,
849 2205 951 2276 cuius
977 2229 1060 2276 ana-

98 2321 221 2394 tomica
246 2321 479 2424 perlustratio
496 2321 609 2396 modo
627 2323 738 2396 relata
765 2324 951 2423 praebuit,
977 2351 1060 2423 pur-

96 2461 195 2539 pura,
221 2430 550 2542 quam'Auuroruus
573 2443 684 2542 dicit,
702 2443 876 2520 chronica
895 2425 1059 2518 consece-

97 2573 163 2657 rat,
178 2587 198 2633 a
213 2561 345 2637 Rossro
363 2563 509 2636 dissecti
527 2563 630 2662 plura
648 2564 782 2637 horum
799 2564 1060 2664 exhibuerunt,

98 2678 155 2752 sed
177 2707 253 2757 non
277 2697 355 2756 tam
380 2683 541 2783 perfecta
557 2698 595 2757 et
609 2684 808 2786 generalia,
834 2688 874 2758 in
900 2684 1056 2756 nonnul·
1142 2739 1146 2744 -

97 2795 348 2877 lissinistrum
373 2803 466 2877 latus
484 2807 725 2903 intumuerat,
752 2804 878 2879 dextro
905 2807 1059 2903 siccato,

98 2917 135 2988 in
158 2925 326 2996 omnibus
351 2949 449 2998 vero·
465 2905 576 2998 aitera
596 2924 709 3000 modo
729 2928 891 3024 corporis
904 2924 1060 2998 dimidia

99 3031 163 3144 hoc
188 3040 297 3118 illone
323 3043 435 3118 modo
461 3043 688 3118 laborabant.
715 3045 758 3117 In
783 3059 943 3143 purpura
970 3044 1060 3141 hac,

97 3157 146 3228 uti
162 3161 208 3232 in
221 3161 381 3262 pellagra
398 3163 680 3262 Mediolanensi,
699 3165 757 3238 cui
777 3190 886 3263 quarn
904 3167 1059 3264 maxime

97 3273 232 3354 affinem
264 3307 285 3352 a
319 3309 356 3354 se
396 3283 620 3382 descriptum
656 3283 827 3356 morbum
861 3285 1055 3364 Armenius

97 3397 204 3472 credit
216 3457 226 3498 ,
264 3427 462 3477 nervorum
502 3403 651 3475 affectus
708 3381 779 3475 deo
813 3383 980 3499 excellit,
1019 3416 1059 3474 ut

96 3520 282 3595 acerebro
309 3535 346 3594 et
371 3524 491 3596 nervis
522 3548 603 3596 eam
634 3549 653 3595 e
691 3549 728 3594 re
765 3521 852 3594 clari
886 3524 954 3596 viri
985 3549 1055 3622 pu-

90 3640 267 3728 taverint:
311 3621 562 3740 gravissimum
606 3632 895 3740 testimonium,
921 3657 1056 3746 quanta

96 3761 230 3834 nervosi
263 3763 467 3866 systematis
501 3745 541 3841 in
572 3760 817 3867 provocandis
858 3760 1056 3841 dimidiatis
