2614 4476
96 441 237 530 quorum
263 432 462 509 substantia
481 436 681 510 exulcerata
706 449 743 509 et
767 433 931 508 absumta
957 433 1044 514 fuis·

96 551 286 652 set710ngc
311 553 432 654 plures
458 556 594 629 fuerint
615 556 748 629 sinistri
775 559 885 654 quam
911 552 1044 648 dextri,

96 673 153 744 sed
181 674 342 776 exempla
378 679 508 776 etiam,
542 681 652 778 quae'
669 677 790 775 aucti',
822 673 918 748 licet
942 676 1041 746 intus

94 799 193 894 eresi,
219 795 277 872 vel
303 797 374 870 alio
399 798 489 874 vitio
514 797 633 872 affecti
658 799 776 895 renis,
802 793 1041 870 aut-alterius

94 929 248 1017 tantum,
279 933 343 990 aut
374 920 450 992 eius
480 919 607 992 saltem
647 943 733 1018 prae
774 914 887 990 altero
922 913 1039 988 multo

92 1039 214 1137 magis,
245 1043 287 1119 in
319 1041 460 1140 scriptis
484 1039 699 1114 Academiae
740 1041 889 1110 naturae
924 1036 1039 1112 curio-

91 1159 212 1231 siorum
241 1146 400 1259 alibique
436 1157 618 1258 legantur,
646 1159 818 1260 pleraque
851 1157 1037 1228 sinistrum

89 1281 310 1378 prospiciant.
335 1281 576 1380 Frequentius
600 1280 725 1354 dextro
744 1280 928 1354 sinistrum
954 1301 1038 1374 sup-

90 1387 207 1496 purare
232 1401 460 1475 Voremrus
490 1406 534 1498 (ι)
560 1428 707 1502 quoque
733 1401 884 1476 omnino
910 1399 1038 1480 confir-

88 1533 214 1592 matum
239 1522 343 1597 uidit.
369 1524 582 1596 Accuratius
615 1539 738 1596 tamen
773 1519 1037 1621 explorandum

90 1657 188 1740 essct,
213 1669 308 1716 anne
329 1642 454 1752 aliqua
485 1645 606 1718 forsan
632 1643 853 1720 substantiae
884 1644 1037 1712 mutatio

90 1747 204 1837 ‹fertro
228 1766 309 1837 reni
334 1767 447 1863 magis
471 1765 616 1864 propria
643 1765 698 1838 sit
970 1773 972 1778 ‘

123 1890 175 1972 9
207 1887 289 1959 103.
314 1883 401 1958 Piso
426 1884 509 1959 ideo
535 1888 719 1974 sinistrum
742 1909 867 1957 renem
884 1881 1041 1954 credidit·

88 2000 302 2102 frequentius
329 2004 469 2104 dolere,
495 2005 596 2105 quod
620 2005 694 2077 lien
727 2001 1037 2102 saburram‘i‘cho·
1132 2029 1137 2039 ¹

87 2145 194 2196 rosam
219 2129 404 2224 sanguinis
429 2125 627 2199 atrabilaris
651 2127 691 2198 iu
717 2119 800 2198 erim
825 2124 948 2226 potius
981 2147 1037 2194 re·

88 2263 244 2340 purgaret
253 2229 372 2347 „quam
387 2248 426 2318 in
444 2247 619 2321 dextrum
636 2246 880 2319 Horantmrus
904 2241 1035 2340 aliique
1136 2266 1142 2276 ·

88 2359 262 2438 sinistrum
297 2391 421 2439 renem
452 2392 529 2440 nou
561 2381 636 2440 tam
667 2365 761 2442 benc
784 2372 938 2439 'tectum‘
956 2367 1037 2436 et‘a

88 2477 208 2577 frigore
228 2488 420 2560 vmunitum
433 2489 529 2560 'esse'
546 2487 691 2562 aiebant
717 2493 834 2586 quam'
853 2471 1037 2578 dextrum,
1097 2479 1117 2496 ⁰

88 2604 142 2696 qui
165 2605 230 2678 sub
257 2607 388 2707 hepate
414 2607 620 2707 delitescat,
647 2607 869 2682 undehuuc
894 2605 1037 2701 sanguis
1098 2623 1100 2626 ·

85 2722 191 2796 multo
214 2729 394 2826 promtius
411 2743 448 2798 et
463 2729 664 2826 expeditius
693 2727 948 2826 pervadatpin
972 2721 1037 2796 illo

86 2844 358 2918 vero'humores
383 2844 522 2918 facilius
556 2861 776 2946 stagnentur.
812 2846 1055 2922 Anatomicis·

87 2973 118 3030 et
147 2964 407 3065 physiologicis
439 2968 599 3040 scientiis
632 2970 746 3043 auctis
779 2981 887 3066 atque
913 2989 1043 3038 emen-v
1084 3067 1085 3070 Ἴ

88 3069 172 3154 datis
204 3085 250 3157 ab
283 3085 340 3158 his
374 3088 608 3188 opinionibus
642 3089 872 3162 decesserunt
902 3089 1035 3162 medici

85 3214 118 3270 et
141 3229 283 3278 causam
308 3206 551 3306 phaenomeui
576 3209 673 3284 illius
697 3213 830 3310 partim
855 3212 894 3283 in
910 3237 953 3286 eo
967 3239 1057 3312 po·-

87 3340 243 3422 suerunt,
274 3327 374 3426 quod
406 3329 444 3401 in
470 3331 613 3404 sinistra
653 3331 722 3404 coli
756 3329 887 3404 flexura
930 3332 1042 3405 ¹flatus

86 3461 123 3512 ac
155 3444 270 3518 faeces
304 3447 443 3524 facilius
468 3451 796 3570 accumularentur
836 3469 872 3526 et
912 3479 1035 3528 renem

456 3693 652 3714 „nn——

91 3819 125 3880 (¹)
140 3819 177 3874 Ei.
194 3827 328 3898 Potbolog.
346 3832 425 3884 Anat.
444 3831 474 3882 Β.
492 3815 536 3884 11'1.
555 3847 587 3902 p.·
603 3803 657 3884 ns.
697 3831 699 3837 ’
733 3853 737 3863 ’
