2594 4474
946 299 994 376 65

79 421 267 501 observatus
300 423 406 498 ardor
441 422 559 498 leteris
600 421 742 516 dextri,
777 423 840 522 qui
874 443 1022 522 quoquo
1069 434 1071 440 ’

77 572 183 620 mense
205 545 314 619 semel
339 544 397 620 vel
421 543 478 618 bis
503 545 658 617 recurrit
683 567 726 616 ac
753 541 799 616 eb
823 543 899 616 imo
925 543 1019 642 pede

76 668 235 766 incipiens
261 665 382 740 subito
407 691 473 766 per
490 677 609 737 totum
632 663 727 736 latus
754 688 866 762 usque
893 662 941 739 ad
966 687 1023 736 ca-

76 801 131 886 put
152 800 366 888 propagatus
391 799 464 882 est,
490 787 666 884 cuiusque
688 781 823 881 singuli
848 782 1022 881 insultus,
1065 869 1068 882 Ι

76 906 160 980 haud
182 907 275 1002 ultra
293 906 403 982 borae
421 905 661 1005 quadrantem
678 906 871 1004 protracti,
898 929 1023 1002 aegro·

76 1041 147 1100 tum
163 1027 384 1127 languidum,
397 1026 642 1126 reliquerunt,
658 1038 701 1097 ut
726 1023 1022 1098 decumbentium

74 1151 131 1246 ipsi
153 1149 426 1238 essetlnitium
453 1161 598 1248 ceperat
624 1145 772 1218 affectus
798 1171 842 1217 ex
857 1143 1022 1218 allisione

75 1268 214 1344 malleoli
243 1271 380 1345 interni
413 1267 517 1369 pedis
550 1267 690 1364 dextri,
724 1265 821 1342 uude
854 1289 920 1367 per
953 1278 1024 1338 tres

75 1381 274 1489 septimanas
301 1389 451 1492 quidem
476 1414 545 1462 nec
571 1387 678 1463 dolor
702 1413 770 1462 nec
802 1386 877 1460 ulla
909 1375 1025 1462 mole·

74 1511 130 1582 stia
153 1525 423 1613 supervenerat,
448 1524 532 1610 post
562 1510 707 1582 tertiam
740 1522 903 1582 exactam
935 1531 1023 1588 vero

74 1630 166 1706 ardor
195 1633 297 1734 pedis
332 1630 483 1706 obortus
516 1643 592 1730 est,
618 1654 686 1702 nec
713 1631 929 1726 continuus,
955 1652 1023 1700 nec

75 1750 267 1852 diuturnus,
294 1777 381 1826 mox
405 1750 513 1824 latius
538 1763 766 1850 propagatus.

136 1879 159 1964 §.
186 1874 245 1976 49.
273 1873 358 1964 Quo
385 1870 468 1946 loco
495 1869 709 1944 recensendi
742 1870 852 1942 etiam
883 1870 1026 1968 frigoris

75 2006 104 2064 et
133 1992 257 2068 caloris
292 2006 378 2065 sunt
409 2017 535 2086 sensus
567 2016 633 2091 per
663 1989 857 2064 dimidium
892 2014 1025 2090 corpus

73 2113 218 2215 molesti,
244 2129 423 2218 quatenus
448 2139 526 2187 non
551 2139 571 2184 a
596 2113 726 2188 maiori
750 2114 928 2187 minorive
964 2138 1023 2186 ca·

73 2231 145 2308 loris
176 2236 405 2334 evolutione,
430 2233 494 2312 sed
520 2259 541 2306 a
566 2257 763 2308 nervorum
787 2257 899 2334 prava
931 2235 1027 2308 inci·

72 2357 192 2432 tatione
217 2354 395 2459 pendent.
421 2353 561 2446 Quibus
587 2355 769 2455 hysterica
784 2356 965 2456 imprimis
987 2369 1025 2430 et

72 2473 384 2576 hypochondriaca
398 2479 565 2578 passione
582 2476 788 2550 laborantes
806 2475 934 2552 crebro
960 2475 1023 2550 ob·

74 2599 160 2701 noxii
191 2614 287 2674 suut.
323 2599 443 2699 Caput
475 2596 577 2676 hisee
610 2597 834 2670 hemicrania
872 2597 1023 2694 dolens,

72 2715 266 2819 frequenter
298 2720 427 2819 frigere
473 2718 521 2792 ad
559 2716 749 2792 dimidiam
789 2719 844 2790 sui
882 2730 1024 2816 partem
1135 2797 1137 2803 ¹

73 2835 219 2941 videtur,
245 2842 387 2944 ipsique
415 2840 687 2939 ,hemicranium
721 2837 883 2912 acerbius
917 2863 1024 2937 saepe

74 2967 150 3034 tunc
175 2961 363 3061 affligenti,
388 2988 454 3062 per
478 2961 641 3062 corporis
675 2956 897 3059 respondeus
930 2956 1024 3030 letus
1075 2962 1076 2967 ’

73 3095 326 3186 nonuunquam
351 3082 440 3158 levis
457 3081 599 3182 frigoris
616 3103 741 3153 sensus
755 3075 936 3150 antecedit
962 3075 1022 3172 (r).
1036 3073 1039 3078 ‘'

73 3199 150 3274 Aliis
174 3203 327 3278 alterum
351 3202 463 3302 latus,
488 3201 589 3305 quod
617 3199 750 3301 spasmi
770 3197 940 3272 obsident
966 3195 1023 3269 vel

75 3319 242 3400 subitanei
276 3339 440 3425 torpores
471 3338 508 3398 et
536 3337 701 3424 stupores
733 3324 967 3428 invaserunt,
1003 3342 1024 3387 a

382 3655 710 3684 m

80 3818 114 3879 (ί)
129 3817 215 3874 'lusor
230 3818 489 3876 dementantes.
507 3817 555 3874 111.
573 3835 598 3888 p,
617 3818 674 3884 ⁵14.

193 3924 216 3989 Ῑ.
231 3929 322 3988 Μ
333 3957 367 3973 -
377 3930 440 3985 vot.
460 3929 478 3980 l.
