2594 4474
269 265 319 340 68

239 383 515 460 convulsionem
527 380 801 480 praenuntiasse
813 378 967 454 relatum
979 394 1044 454 est.
1058 381 1205 456 Manife-

239 509 329 584 stius
346 505 467 601 etiam,
484 503 512 574 si
531 527 551 573 e
567 500 720 576 brachio
733 500 907 574 alterutro
924 527 1011 574 aura
1028 502 1202 603 procedit,

240 625 371 701 eodem
404 624 445 696 in
478 621 591 696 latere
626 647 708 696 eam
741 647 779 695 se
813 615 1023 722 contiiaer'e,
1056 649 1100 696 ex
1136 649 1204 724 quo
1277 717 1278 730 ἵ

240 749 346 845 exiit,
371 744 555 842 videmuS,
592 756 672 818 tum
705 746 942 844 praesertim,
977 770 1091 844 quum
1125 771 1204 818 cum

154 865 159 876 '
238 867 303 940 illa
335 881 373 940 et
407 864 662 940 convulsiones
696 889 717 936 a
747 863 900 939 brachio
934 889 1000 965 per
1034 865 1205 964 cervicis,

240 990 330 1088 quin
347 987 452 1060 faciei
471 981 625 1060 alterum
641 983 735 1058 latus
752 986 883 1057 sensim
901 984 1128 1058 adscendant
1149 991 1203 1080 (1).

153 1141 156 1148 ·
238 1109 413 1209 Idemque
446 1121 483 1180 et
514 1107 736 1180 Βιιιιιιοιιιι
770 1106 955 1206 superiore
979 1107 1205 1208 *paragrapho
1277 1116 1278 1147 ¹

241 1232 377 1302 inserta
402 1227 655 1302 observatione
682 1226 889 1300 confirmari
914 1225 1069 1300 videtur.
1079 1227 1206 1302 -ssed

243 1350 355 1421 altera
388 1348 434 1421 de
467 1373 552 1420 aura
586 1345 780 1448 epileptica
819 1346 991 1421 obiicitur
1026 1349 1204 1448 quaestio,

242 1493 403 1568 quonam
439 1494 482 1542 ex
512 1467 622 1541 latere
656 1467 850 1543 ascendere
882 1467 1109 1569 frequentius
1143 1471 1203 1544 ob·
1272 1465 1273 1470 ¹

240 1603 410 1685 servetur,
437 1589 558 1682 Quam
584 1589 632 1662 ad
656 1588 870 1664 solvendam
896 1587 997 1689 quod
1020 1589 1203 1689 inserviat,

239 1710 326 1784 licet
351 1709 625 1803 nihilomnino
651 1710 751 1812 apud
774 1711 894 1785 varios
921 1735 1017 1785 ame
1043 1711 1204 1788 evolutos

242 1845 407 1906 auctores
433 1857 472 1904 so
506 1829 695 1930 obtulerit,
722 1857 742 1905 e
768 1832 914 1906 sinistro
946 1843 1071 1904 tamen
1100 1832 1205 1906 latere

166 2035 169 2044 y
240 1953 455 2053 praesertim
483 1951 564 2044 illos
590 1977 757 2028 aseensus
782 1953 882 2051 fieri,
905 1977 949 2024 ex
974 1951 1148 2052 singulis,
1171 1955 1206 2026 in

243 2099 332 2172 quas
358 2072 419 2146 hic
445 2070 524 2148 illio.
547 2073 661 2147 incidi
686 2071 896 2174 epilepsiae,
921 2071 981 2147 vel
1003 2073 1094 2174 pedi
1113 2095 1206 2175 sym·

243 2195 462 2292 ptomaticae
474 2248 486 2291 ,
517 2192 575 2268 vel
599 2219 642 2266 ex
667 2191 871 2284 brachio
845 2218 920 2268 s1ve
945 2194 1079 2266 trunci
1093 2193 1207 2294 aliqua

242 2327 346 2414 parte
370 2313 597 2412 inchoantis,
625 2311 938 2390 observationibus
971 2317 1019 2387 ad
1053 2315 1213 2416 aliquam

139 2502 142 2510 .
245 2433 376 2508 saltem
399 2434 697 2538 probabilitatem
728 2435 869 2510 efficere
899 2461 1005 2537 posse
1034 2435 1128 2510 mihi
1156 2438 1206 2509 vi·

245 2555 343 2630 deor
371 2555 470 2630 Inter
497 2583 544 2632 ao
571 2559 670 2632 enim
694 2556 905 2633 huiusmodi
925 2557 1114 2656 historias,
1131 2558 1203 2657 qui·

244 2677 332 2774 bus,
357 2691 440 2752 utro
466 2703 509 2752 ex
533 2677 646 2753 latere
662 2703 749 2754 aura
765 2679 987 2776 ascendam,
1009 2677 1202 2752 indicatum

115 2865 117 2870 .
246 2809 319 2885 est,
351 2796 392 2872 15
419 2823 440 2874 a
469 2798 682 2897 sinistro,·5
708 2814 851 2878 tentum
876 2826 896 2874 e
927 2797 1054 2875 dextro
1071 2821 1201 2874 ascen·

248 2915 342 3000 disse
368 2945 449 2994 eam
473 2920 644 2996 referunt.
