2586 4480
943 307 1016 383 209
1090 311 1094 320 ’

97 403 248 482 sinistrae
273 431 450 511 mammae
477 407 625 502 affectus
646 402 864 480 crebriorem
881 405 1042 480 eiusdem
1081 407 1086 416 ’

95 528 390 628 refrigerationem
413 527 528 601 multa
554 528 730 602 conferre.
974 615 989 640 δ

130 651 184 740 ’5.
214 651 291 744 148.
317 649 484 724 Scientiis
514 648 667 722 medicis
700 673 744 722 ec
776 648 1045 726 incrementum

94 791 173 842 sane
196 793 367 868 magnum
391 771 560 867 accessit,
577 768 678 868 quod
692 766 900 869 physiologi
920 793 1045 842 recen-
1168 859 1173 870 ς
1277 749 1279 760 ⁴

93 890 194 962 tiores
225 889 487 963 elementorum
523 902 702 989 quatuor,
736 911 828 988 quae
865 890 1043 989 imprimis

92 1033 214 1110 cerpus
238 1010 393 1084 animale
411 1010 657 1107 constituunt,
683 1009 931 1109 oppositiones
955 1007 1044 1086 rela·
1157 1079 1161 1086 ,
1279 1109 1280 1116 ¹

91 1129 174 1204 ti'vas
202 1145 420 1229 mutuasque
452 1128 663 1226 affinitates,
696 1152 850 1228 quarum
881 1130 922 1201 in
954 1155 1044 1204 con·

90 1246 202 1324 denda
227 1277 292 1348 ea,
318 1275 426 1349 quam
453 1249 721 1350 conspicimus,
751 1251 914 1350 corporis
940 1274 1043 1350 orga-

89 1372 260 1444 nisatione
294 1384 332 1450 et
361 1368 591 1470 perficiendis
623 1368 875 1469 processibus,
909 1370 1042 1470 quibus

89 1489 157 1562 vita
181 1504 345 1566 servatur
357 1545 367 1588 ,
389 1511 509 1590 'quam
537 1488 736 1590 plurimum
761 1492 932 1566 interesse
959 1518 1045 1566 cen·

87 1595 234 1686 sendum
268 1625 322 1684 est
334 1667 346 1708 ,
379 1610 580 1688 accuratius
612 1613 869 1711 reputaverint.
894 1612 1044 1712 Neque,

88 1755 215 1831 quum,
240 1755 334 1832 qnae
365 1731 527 1830 ipsarum
559 1755 644 1803 cum
674 1731 882 1804 discrimne
907 1731 971 1806 illc
997 1736 1045 1808 sit

86 1839 278 1950 connexio,
293 1849 482 1934 enucleare
499 1849 682 1950 studeam,
699 1850 809 1950 plane
825 1850 1044 1950 infructuosi
1080 1941 1084 1966 ,

85 1969 229 2073 aliquid'
242 1973 439 2071 suscepisse
469 1969 561 2044 mihi
592 1963 720 2046 videor
732 2025 743 2068 ‚
775 1971 954 2072 imprimis
980 1974 1046 2073 qui
1153 1987 1159 2014 l

85 2091 210 2166 eodem
236 2093 437 2168 accuratius
462 2089 534 2168 hcc
559 2093 629 2168 sim
645 2090 936 2166 definiturus.=-
952 2093 1045 2167 Mor·

83 2209 211 2288 borum
230 2209 356 2286 ¹autam
381 2212 618 2310 vegetationis
629 2221 640 2310 3
673 2197 804 2313 quibus
831 2209 871 2286 in
897 2213 1047 2288 sinistro.

82 2328 189 2407 latere
215 2334 428 2433 praesertim
453 2331 554 2406 sedes
579 2346 649 2430 est,
674 2333 890 2407 recensitam
914 2337 1044 2409 seriem

82 2453 339 2552 perlustrantes
370 2453 411 2524 in
449 2451 539 2527 alios
576 2451 796 2551 incidimus,
829 2456 868 2526 in
911 2454 1043 2554 quibus

82 2586 233 2678 utraque
259 2599 372 2674 aquae
391 2575 522 2666 forma,
548 2587 585 2646 et
611 2599 792 2674 oxyganes
809 2586 846 2646 et
866 2561 1046 2674 lryilroge·

81 2716 167 2788 nes,
200 2692 386 2794 praevalet
416 2693 639 2794 reliquisque·
674 2691 817 2767 dnobus
855 2679 1043 2768 elementis

79 2812 185 2914 longe
207 2813 406 2914 antecellit,
431 2816 472 2888 in
498 2813 605 2914 alios,
630 2813 819 2914 inquibus
844 2812 921 2899 sala
938 2823 1044 2914 nega·
1084 2797 1088 2806 ¹
1115 2841 1119 2852 ·

80 2935 169 3036 tiva,
205 2959 402 3035 oxygenes‚
435 2935 642 3008 distinctius
674 2936 810 3009 enrinet
843 2937 1044 3040 catenaque

81 3053 294 3153 elementis,
328 3057 410 3155 ipso
441 3057 550 3129 etiam
581 3054 793 3156 hydrcgenc
805 3109 816 3154 ‚
855 3041 1045 3154 insigniter

77 3175 363 3279 praeponderat·
381 3175 455 3249 Sub
480 3174 552 3250 illis
577 3174 747 3276 largiores
775 3175 955 3276 intelligas
987 3201 1043 3248 se·

80 3298 281 3372 erectiones
306 3295 424 3371 laticis
450 3299 587 3398 aquosi.
613 3297 672 3380 Ad
695 3295 844 3371 morbos
869 3322 977 3395 vero,
1002 3298 1043 3370 in

77 3417 209 3520 quibus
234 3419 406 3518 oxygonls
432 3429 575 3490 tantum
599 3419 691 3492 ratio
716 3419 812 3492 insto
837 3423 954 3519 major
979 3442 1043 3518 ap-

77 3551 200 3637 paret,
217 3537 350 3610 referas
362 3543 449 3639 pree
472 3538 599 3611 ceteris
614 3539 762 3637 genesin
782 3535 1042 3632 melienorum,

77 3679 171 3756 quos
198 3669 341 3730 tentum
366 3683 443 3732 non
460 3684 614 3760 semper
626 3657 772 3732 acidum
797 3660 941 3732 unicum
958 3666 1044 3730 con·

76 3779 196 3852 stituit
219 3767 356 3854 maiori
374 3779 497 3880 copia,
523 3806 633 3881 qnam
647 3806 718 3881 qua
742 3778 902 3855 solutum
927 3779 1043 3852 teneri

206 3921 231 3975 1.
248 3917 454 3978 amru-vot.
471 3919 495 3978 l.
884 3934 914 3972 ro
