2614 4476
255 231 301 299 82

230 360 494 449 symptomata,
521 347 561 418 iri
586 368 701 416 unum
726 313 874 430 ttla'l1ic
902 347 1119 444 coniungere
1151 347 1195 420 li·

232 483 321 554 neat.
347 512 397 528 -
426 466 555 542 Pulsus
595 464 741 542 alterius
781 467 931 539 arteriae
971 467 1117 544 radialis
1157 471 1197 544 iu

225 589 353 666 multis
378 592 488 666 etiam
514 587 610 664 sanis
636 585 846 663 hominibus
862 579 1114 688 magnitudine
1139 591 1197 664 vel
1273 639 1277 646 -

224 713 363 788 duritie
388 709 449 786 vel
473 709 654 785 celeritate
681 707 727 782 ab
749 707 900 782 alterius
929 707 1093 810 pulsibus
1126 709 1198 784 dif-

226 835 369 932 ferunt,
394 832 579 933 iidemque
605 831 645 910 in
675 829 802 906 dextro
840 855 951 932 carpo
984 830 1198 934 plerumque

227 954 433 1057 paullulum
457 953 640 1054 pleniores
666 966 702 1026 et
728 952 896 1050 fortiores
922 949 1198 1054 deprehendun-

229 1092 298 1151 tur.
331 1074 442 1170 Qnod
474 1101 518 1150 ex
549 1089 653 1174 parte
694 1071 935 1149 derivandum
968 1099 1012 1146 ex
1044 1099 1091 1148 eo
1122 1088 1176 1148 est
1188 1130 1198 1171 ‚

231 1197 332 1298 quod
371 1195 574 1272 secundum
613 1196 905 1273 anatomioorum
944 1195 1079 1270 Srnvar:
1091 1250 1103 1292 ,
1136 1195 1197 1268 Sn-

228 1344 332 1416 nnor,
363 1319 522 1412 Hannnnr
558 1323 631 1416 (1),
664 1317 926 1394 Sornnanrnon
962 1322 1037 1413 (2),
1068 1317 1198 1388 Rrona·

228 1461 347 1512 annun
382 1437 430 1531 (3)
470 1437 697 1537 aliorumque
737 1436 1028 1512 observationem
1072 1435 1198 1510 dextra

227 1560 358 1634 arteria
375 1557 558 1634 subclavia
575 1561 757 1637 sinistram
774 1556 1015 1660 amplitudine
1033 1555 1198 1657 aliquan-

228 1696 269 1770 to
295 1695 458 1782 superat,
484 1696 656 1782 exparte
682 1706 726 1755 ex
752 1707 796 1756 eo
809 1736 820 1779 ,
854 1678 955 1782 qnod
987 1679 1200 1778 sanguinem

223 1805 268 1880 in
294 1802 466 1878 dextram·
482 1801 638 1878 validius
663 1829 774 1903 quam
798 1802 839 1876 in
856 1802 1038 1877 sinistram
1058 1797 1200 1899 impelli

228 1937 391 2023 oportet,
418 1924 504 2024 quia
530 1937 607 1999 non
624 1921 742 1998 solum
760 1922 886 1998 dextra
909 1919 1095 1996 subclavia
1114 1945 1199 1998 cum

226 2044 392 2120 carotide
426 2043 556 2118 dextra
584 2069 700 2120 unum
724 2044 765 2120 in
781 2057 967 2128 ‚truncum
1000 2044 1199 2119 coniuncta
1234 2081 1240 2094 ·

225 2178 304 2266 est,
327 2164 567 2266 sed1truncus
593 2167 715 2243 etiam.
728 2165 836 2243 hicce
860 2189 1065 2264 anonymus
1097 2165 1198 2264 prius

231 2313 274 2362 en
291 2293 409 2361 ¹aorta
442 2289 621 2370 emittitur
653 2313 763 2388 quam
791 2287 937 2362 alterius
973 2285 1097 2360 lateris
1120 2285 1198 2358 sin·

227 2406 330 2505 gulae
356 2410 507 2482 arteriae
533 2423 702 2509 rectaque
728 2409 802 2482 fere
830 2407 1030 2490 directione
1055 2407 1096 2478 in
1113 2430 1198 2484 eum

227 2554 248 2600 a
282 2527 392 2616 eorde
425 2531 585 2628 sanguis.
602 2530 765 2606 iniicitnr
797 2531 856 2624 (4).
892 2527 1035 2604 Eodem
1074 2519 1194 2600 redire
1260 2599 1263 2614 .

225 2648 371 2724 videtur
396 2651 497 2751 quod
521 2641 862 2743 Isrnrnnnnursffi)
895 2649 935 2722 in
965 2644 1209 2728 moribundis=

153 2815 157 2818 -
179 2804 181 2808 ⁴
227 2771 413 2844 nonnullis
424 2827 436 2872 ,
468 2797 582 2872 quum
598 2771 769 2864 sinistrae
784 2771 935 2844 arteriae
952 2767 1099 2866 radialis
1120 2765 1199 2867 pul-

113 2903 117 2910 ’
228 2917 289 2965 sus
313 2893 387 2964 iam
413 2890 619 2990 desiissent,
646 2889 809 2964 dextram
835 2886 955 2980 adhuc
988 2886 1195 2990 pulsantem

226 3323 270 3384 (ι)
286 3318 326 3370 Εἰ.
343 3320 475 3386 elementa
498 3316 604 3388 phisiol.
626 3315 657 3370 T.
675 3315 709 3372 11.
727 3314 785 3370 Lib.
806 3314 832 3368 6.
854 3313 926 3370 Sect.
951 3332 973 3368 r.
996 3315 1023 3382 S.
1041 3315 1067 3382 4.
1084 3331 1112 3384 p.
1134 3313 1187 3368 163.

228 3413 269 3470 (a)
287 3405 326 3458 Ei.
347 3405 517 3474 Gffasslehre.
535 3405 561 3470 S.
582 3401 638 3472 124.

226 3492 270 3562 (3)
286 3493 325 3545 Et.
343 3494 420 3546 e'te’m
439 3493 472 3546 de
489 3492 601 3563 physiol·
620 3491 652 3544 Τ.
671 3492 692 3550 t.
710 3511 737 3570 p.
756 3493 814 3552 318.
831 3500 859 3549 et
876 3490 1051 3564 aosographie
1072 3489 1186 3557 chiram

286 3581 318 3634 Τ.
336 3581 357 3634 1.
376 3600 402 3653 p.
424 3598 478 3636 ιιι.
919 3628 923 3631 .

133 3699 139 3705 .
228 3670 269 3736 (4)
287 3668 325 3722 ef.
344 3669 514 3755 Sornrrsarro
531 3671 549 3724 Ι·
568 3689 590 3723 0·
610 3670 636 3740 S·
654 3686 698 3742 97·

230 3758 271 3827 (⁵)
287 3757 316 3816 L.
334 3776 357 3812 c.
