2594 4474
72 394 220 493 morbus,
244 393 351 469 sicuti
376 389 510 494 duplex
535 388 714 491 nephritis
745 403 900 492 utroque
931 417 1020 466 rene

72 515 286 592 inflammato.
321 515 358 587 Si
392 527 525 602 autem¹
543 509 696 610 simplex
721 509 844 610 adest,
875 510 1020 586 dolores

71 637 193 736 saepius
230 634 423 736 usquead
457 634 592 708 lineam
628 632 871 734 proiioiuntur
903 629 1021 731 illam,

71 782 148 858 quius
180 781 312 856 corpus
343 757 383 828 in
416 755 505 830 duas
536 767 657 855 partes
690 752 856 852 aequales
889 751 1022 828 dividit

70 891 162 976 utque
193 879 359 954 sinistros
392 889 534 975 separet
566 897 697 948 nervos
722 899 746 946 a
770 874 919 971 dextris,
952 897 1021 948 meo

69 996 311 1074 translinoam
336 999 377 1070 im
402 996 557 1075 alterum
583 994 747 1094 corporis
772 994 866 1067 lutus
892 996 1022 1066 transi·

67 1115 157 1190 liunt.
182 1119 285 1209 Quae
309 1117 600 1192 manifestissime
626 1113 947 1190 animadvertimus
979 1115 1020 1187 in

69 1239 188 1337 cupite,
213 1238 318 1339 quod
341 1251 492 1338 propter
511 1236 647 1312 multos
672 1238 714 1310 iu
739 1260 783 1312 eo
809 1233 1021 1324 distributos
1107 1287 1111 1294 ·

67 1381 180 1432 nervos
205 1358 425 1432 creberrime
442 1356 772 1434 vehementisdmis
788 1355 945 1432 afficitur
961 1341 1023 1432 do

66 1474 198 1552 loribus.
242 1481 358 1580 Saepe
377 1461 379 1465 ’
399 1477 453 1552 ibi
487 1477 594 1552 dolor
629 1504 745 1580 usqum
779 1477 826 1554 ad
858 1476 1021 1552 medium

66 1613 213 1676 mentum
246 1613 439 1700 penetrat,
469 1599 513 1674 ad
555 1600 701 1675 dentem
727 1599 920 1688 ineisirum
945 1622 1023 1670 me*

68 1715 175 1816 dium,
207 1721 568 1824 ad·.commissuram
599 1720 687 1794 labii
721 1723 916 1820 superioris
951 1725 1022 1817 (r),

67 1863 159 1940 saepe
191 1845 462 1918 accuratissime
488 1843 662 1942 dimidius
686 1841 789 1914 dolet
819 1867 928 1916 nasus
954 1844 1019 1937 (2),

68 1956 203 2036 dimidia
236 1965 342 2038 frons
374 1965 449 2063 (3),
487 1963 641 2036 alterum
679 1964 808 2062 cepitis
841 1962 935 2036 latus
973 1959 1021 2033 ad

67 2093 212 2158 suturam
245 2083 451 2182 sagittuiem
482 2105 618 2183 astrue:
653 2093 898 2184 propagantur
933 2079 1021 2156 iuda

66 2196 193 2280 dolores
219 2231 290 2305 per
314 2229 444 2278 nervos
463 2205 657 2278 cervicales
672 2207 712 2276 in
728 2203 922 2276 dimidium
949 2202 1021 2276 ool·

66 2315 131 2392 lum
160 2337 196 2398 et
225 2325 409 2399 uerticem
442 2325 491 2398 ad
521 2324 808 2426 interscapilium
834 2337 871 2398 et
895 2323 1022 2398 hume·

66 2461 135 2514 rum
166 2445 242 2518 eius
279 2444 404 2518 lateris
444 2447 517 2545 (ri),
554 2447 704 2518 minime
743 2445 870 2518 affecta
911 2443 1022 2516 altera

68 2555 205 2638 dimidia
229 2567 395 2666 eorporis
419 2581 533 2666 parte.
559 2566 800 2640 Horrmrrmus
827 2566 876 2659 (5)
901 2563 1023 2659 novit,

65 2682 114 2752 oui
129 2697 247 2759 totum
264 2687 433 2760 dextrum
449 2701 577 2786 caput,
595 2687 724 2761 oculus
738 2686 878 2784 dexter,
901 2685 1022 2779 frons,

67 2811 179 2903 nasus,
204 2833 263 2900 os,
289 2804 429 2905 lingua,
454 2808 618 2905 maxilla,
643 2833 758 2907 ustpre
783 2808 832 2880 ad
865 2801 1022 2901 collum,

67 2927 175 2999 omnia
201 2928 252 3000 ad
276 2927 465 3002 dimidiam
491 2927 653 3002 dextram
670 2943 811 3027 partem
828 2925 1021 3001 doluerint

70 3263 103 3324 (ι)
118 3262 215 3318 Certos
234 3265 261 3316 in
280 3263 406 3316 Sentitur
424 3261 525 3314 recueil
543 3277 598 3330 per.
618 3262 651 3313 de
663 3264 688 3315 la
699 3281 751 3317 soc.
765 3263 798 3316 de
811 3261 879 3315 me'd.
898 3261 931 3313 de
944 3258 1018 3311 Paris
1079 3241 1083 3252 ⁵

119 3350 149 3402 T.
169 3352 210 3419 4ο.
228 3352 292 3404 Neo.
311 3352 336 3405 5.
1052 3333 1055 3342 ’

71 3438 103 3498 (2)
119 3437 260 3493 dommum
277 3439 393 3492 consult.
412 3443 439 3489 et
456 3453 526 3507 resp.
537 3436 614 3491 'Soet
634 3439 654 3490 1.
673 3455 725 3492 cas.
745 3440 770 3492 5.

72 3521 106 3584 (3)
121 3523 239 3580 Wrme.
254 3527 344 3580 effect.
364 3543 421 3595 cup.
440 3523 497 3577 obs.
514 3525 556 3576 60.
575 3543 601 3594 p.
624 3539 678 3594 ηπ.

71 3608 105 3674 (4)
121 3609 238 3670 Wsrr'm.
257 3615 275 3666 l.
294 3632 316 3666 c.
335 3613 392 3666 obs.
410 3613 451 3665 5&
470 3629 496 3682 p.
518 3613 573 3664 158.
585 3639 620 3656 -
631 3613 775 3667 Housmam
792 3610 863 3665 med.
881 3614 944 3679 sust.
967 3611 1017 3659 rat.
1082 3661 1086 3669 ,

120 3695 433 3770 ἘΝΕημώ.
900 3723 903 3732 ,

75 3783 108 3848 (5)
125 3787 241 3845 Censuit.
260 3796 287 3844 et
305 3804 374 3859 resp.
393 3785 462 3838 Sect.
480 3785 570 3858 μου.
589 3787 614 3840 3.
