2614 4476
330 121 342 158 Φ

1005 287 1017 332 ι

165 389 188 473 §.
213 381 268 456 58.
295 352 405 473 Quod
434 337 527 452 laius
560 353 761 454 articularis
786 379 934 456 morbus
961 262 1047 482 pii-ao

103 502 202 576 altero
228 502 365 576 afficere
391 500 523 598 soleat,
549 500 647 599 apud
671 495 871 600 permultos
905 517 1048 578 autores
1152 562 1161 580 s
1279 571 1280 610 3

101 635 165 694 tam
190 624 379 696 veteriores
405 645 515 720 quam
540 623 782 718 recentiores,
816 625 879 723 qui
912 627 1048 722 specia-

101 744 159 814 tim
182 743 227 815 de
253 735 297 816 eo
323 756 490 842 egerunt,
516 741 569 814 nil
593 743 728 816 inveni.
749 743 858 818 Solus
876 737 1050 818 spisses-

98 887 178 960 u1us‚
192 862 336 938 laevum
352 863 446 936 latus
463 855 741 964 frequentius‘et
757 866 899 962 gravius
923 856 1049 954 dextro

82 967 198 1082 affid,
223 977 482 1084 experientiam
511 983 678 1058 docuisse
707 975 826 1060 refert.
846 984 970 1075 Quod
994 991 1050 1058 in·

96 1108 199 1178 terim·
224 1105 447 1206 'ampliorem
489 1104 673 1180 desiderat
712 1093 1049 1198 continuationem,

99 1240 152 1298 aut
175 1227 297 1300 forsan
322 1227 367 1300 de
393 1226 586 1302 serioribus
615 1226 727 1301 modo
763 1224 958 1300 insultibus
992 1228 1051 1300 vel

97 1345 135 1417 de
159 1341 302 1422 atouica'
329 1361 473 1420 ‘tautum
506 1346 695 1421 arthritide
729 1346 848 1446 valet3
882 1373 925 1420 ex
957 1335 1050 1421 eele-

95 1463 241 1540 barrimo
267 1469 377 1540 enim'
392 1467 538 1540 medico
564 1467 724 1568 quodam
741 1468 919 1542 audivisse
937 1468 1050 1568 probe

96 1591 252 1687 memini,
283 1583 424 1688 primos
457 1587 656 1662 arthritidis
688 1587 858 1688 regularis
892 1591 1049 1688 impetus

94 1705 296 1809 plerumque
334 1707 500 1784 dextrum
534 1707 666 1810 pedem
697 1709 892 1806 invadere,
927 1708 972 1781 ab
1006 1735 1050 1783 eo
1082 1709 1085 1716 ’

94 1843 208 1926 postea
231 1833 272 1903 iu
292 1829 444 1902 alterum
461 1829 847 1930 latus'saepetrausise
865 1829 1050 1927 morbum²
1116 1909 1119 1912 ,
1231 1851 1241 1868 ·

94 1947 227 2052 εειορίιίᾳ
249 1973 340 2023 vero
367 1963 506 2025 ceteros
533 1952 643 2023 etiam
668 1953 826 2051 impetus
849 1951 889 2023 in
921 1947 1050 2025 eodem

49 2147 51 2156 s
94 2066 202 2144 fatere
226 2070 353 2144 latere.
379 2068 608 2144 Rheumatici
634 2072 776 2145 aurium
800 2083 838 2146 et
862 2069 968 2143 faciei
986 2069 1051 2142 do·

92 2183 177 2262 loros
209 2191 453 2265 Isurrusuuro
472 2198 519 2284 (1)
533 2191 746 2292 frequenter
761 2194 802 2264 iu
826 2188 947 2290 laevo,
967 2215 1050 2266 raro

84 2308 127 2378 iu
150 2309 276 2388 dextro
302 2311 414 2386 latere
440 2327 688 2388 occurrerunt.

241 2585 245 2593 ·
351 2554 611 2630 cirus
687 2556 800 2668 ni

203 2753 352 2830 ‘Pulsus
376 2735 414 2827 in
440 2763 592 2855 auoque
618 2779 730 2855 carpo
755 2755 923 2830 diversus.
1038 2819 1042 2830 .

257 2873 390 2973 Fir'gus
415 2889 450 2950 et
476 2873 589 2948 Calor
612 2878 721 2950 unius
747 2875 878 2950 luteris

365 2993 490 3071 Febris
515 2999 625 3070 unius
650 2991 777 3070 latens.

159 3245 183 3328 §.
213 3235 272 3338 59.
301 3236 425 3328 Quum
450 3235 576 3336 pulsus
601 3235 806 3308 immutatio
839 3245 876 3306 et
908 3233 1050 3330 frigoris

93 3359 286 3460 calorisque
302 3357 515 3450 vicissitudo
532 3359 627 3464 inter
642 3355 836 3458 praecipua
850 3354 924 3426 sint
942 3351 1051 3425 febris

413 3596 731 3634 ...η-..ιιι-

96 3717 132 3782 (ι)
149 3716 296 3772 iussurus
313 3735 340 3773 u.
357 3718 545 3777 tostinum
562 3717 691 3794 Bertrrtge
708 3735 732 3774 r.
749 3710 1047 3802 Zergtirdrruogrkrmrr

148 3805 176 3860 B.
193 3807 214 3866 I·
231 3827 257 3881 p.
278 3825 316 3880 η.
