2594 4474
112 370 172 448 vel
196 383 381 472 praeterea
406 367 587 446 labiorum
613 395 759 473 quoque
785 369 931 448 alterius
956 281 1079 452 teudila
1198 383 1200 389 ’

108 491 269 566 musculi
305 490 454 566 resoluti
484 505 579 566 sunt
611 493 739 564 Rarius
766 495 877 566 etiam
909 520 1081 572 sensuum

111 615 155 686 in
196 611 310 686 altero
346 611 458 686 latere
489 637 573 686 oum
610 614 798 713 omnium,
834 627 913 688 tum
951 617 1083 717 singuli

112 733 267 807 alicuius
310 734 527 833 interceptio
556 731 793 833 hemiplegiae
831 761 870 808 se
908 735 1080 838 adiungit.

108 855 225 928 Visus
252 868 376 927 tamen
401 854 550 928 caeteris
575 853 739 928 sensibus
765 855 987 955 frequentius
1007 859 1083 936 'lae-
1256 953 1268 960 -

113 999 172 1048 sus
201 973 313 1048 fuisse
337 973 508 1073 refertur,
536 974 658 1048 forsan
682 973 732 1048 ob
756 974 796 1048 id
821 975 956 1076 solum,
983 979 1083 1078 quod
1131 1042 1147 1048 ,

113 1095 192 1166 eius
217 1095 258 1166 in
285 1091 399 1168 altero
424 1091 533 1168 oculo
566 1092 776 1194 depravatio
809 1093 966 1194 facilius,
997 1123 1083 1171 cum

114 1215 159 1286 ab
193 1216 276 1314 ipso
308 1239 430 1312 aegro,
458 1227 538 1288 tum
563 1213 610 1286 ab
643 1213 890 1288 assistentibus
919 1216 1082 1302 animad-

112 1335 285 1431 vertitur,
311 1359 421 1433 quam
446 1333 614 1432 auditus,
645 1334 823 1434 olfactus,
855 1333 1017 1433 gustatus
1041 1339 1081 1410 in

114 1453 230 1526 altero
255 1451 366 1525 latere
382 1452 568 1553 paralysis.
596 1453 707 1528 Omni
725 1455 798 1528 fere
815 1469 979 1555 respectu
1004 1483 1083 1556 per·

77 1673 81 1682 ¹
113 1573 330 1646 lectissimae
356 1571 594 1673 hemiplegiae
628 1573 833 1676 exemplum
863 1574 967 1676 apud.
986 1575 1083 1651 Hor·

114 1703 287 1766 annosum
305 1697 353 1785 (ι)
370 1693 519 1791 legitur:
538 1693 596 1765 ihi
622 1696 720 1766 enim
745 1719 821 1767 non
846 1695 958 1768 modo
984 1711 1082 1769 artus

111 1813 232 1887 ¹dextri
258 1839 365 1886 sensu
384 1827 558 1914 motuque
573 1813 761 1913 carebant,
778 1814 841 1888 sed
857 1814 984 1888 oculus
1001 1815 1082 1888 dex·

47 1957 51 1962 ·
113 1915 169 2008 ter
184 1919 297 2009 etiam
313 1933 480 2032 uidendi,
501 1935 596 2007 auris
622 1933 746 2008 dextra
772 1934 962 2032 audiendi,
985 1937 1083 2008 naris

114 2053 241 2127 dextra
266 2051 461 2126 olfaciendi
487 2055 650 2152 potentia
676 2053 847 2137 destituta¹
872 2067 949 2128 erat
962 2109 983 2152 ,>
1003 2054 1082 2127 bal-

112 2171 281 2246 butiebat
304 2174 452 2272 insuper
475 2170 613 2272 lingua,
630 2199 697 2246 nec
714 2172 807 2246 bene
832 2176 1020 2247 masticare
1046 2189 1083 2248 et

116 2291 295 2390 deglutire
316 2317 421 2389 aeger
436 2304 580 2391 poterat
604 2306 641 2366 et
666 2291 791 2393 pulsus
815 2295 856 2364 in
881 2293 1010 2367 affecto
1035 2292 1083 2364 la·

114 2425 191 2484 tere
227 2423 302 2488 ta'm
336 2410 465 2485 debilis
496 2397 572 2487 erat
585 2467 596 2511 ,
628 2427 673 2486 ut
702 2412 821 2511 digitis
853 2415 913 2488 vix
945 2415 1083 2514 percipi

70 2553 74 2566 “
120 2545 257 2632 posset.
800 2599 805 2606 .

191 2658 305 2752 §.'19.
331 2649 524 2754 Reliquum
556 2668 611 2726 est
642 2679 840 2754 exponere,
866 2651 965 2752 quod
990 2651 1086 2724 latus

44 2850 46 2853 ,
115 2771 359 2873 hemiplegiae
383 2800 471 2874 prae
501 2774 614 2850 altero
647 2778 759 2874 magis
793 2774 990 2860 obnoxium
1024 2773 1081 2845 sit.

116 2887 360 2966 Hirrocsarus
379 2898 446 2993 (2),
463 2895 523 2969 vel
539 2896 817 2996 Hippocratieus
835 2893 978 2992 saltem,
1002 2889 1085 2963 dex·

119 3025 216 3084 trum
232 3010 326 3096 latus
343 3015 485 3114 saepius
502 3015 632 3090 resolvi
648 3015 801 3092 affirmat
807 3069 818 3114 ,
834 3001 1083 3108 rationemque

117 3157 160 3205 ex
185 3134 364 3234 eopetit,
386 3134 491 3234 quod
519 3135 711 3244 anrpliores
744 3149 792 3208 et·
806 3135 984 3238 pleniores
1011 3131 1084 3202 sint

451 3493 766 3528 *⁸¹¹⁸*—

49 3705 53 3714 '
124 3703 164 3764 (a)
181 3697 258 3753 neo:
270 3705 320 3751 rat.
339 3697 562 3767 syo.r.1v.1³.
581 3697 630 3755 lv.
648 3715 705 3770 cap.
726 3714 747 3752 ι.
762 3691 820 3752 ‘ohe
838 3698 865 3752 6.

87 3833 97 3842 ,
125 3791 166 3856 (a)
183 3787 231 3842 De
242 3783 335 3841 morbo
352 3803 436 3840 sacro.
