2594 4474
170 445 174 452 .
238 391 466 464 coniecturas
503 388 544 458 iu
582 388 663 485 ipso
698 384 848 458 Zutnrt
886 407 995 484 opere
1029 388 1202 462 conferas.

238 511 357 582 Meam
382 519 504 580 autem
529 506 747 602 sententiam
763 503 859 585 inira
875 503 1023 578 demum
1049 506 1204 606 amplius

235 651 419 728 exponere
444 641 585 726 potero.

200 817 202 820 .
311 755 337 836 §-
365 774 424 820 22.
452 746 489 818 Si
515 771 592 820 non
617 769 749 821 nervca
765 744 835 818 ulia
851 770 1090 846 quaecunque
1116 769 1204 846 epo·

232 865 354 966 ‘plexis
380 869 420 939 in
445 865 701 967 hemiplcgiem
717 867 866 963 transit,
880 866 1063 964 sanguinis
1088 867 1205 940 maior

237 988 276 1058 in
310 984 464 1062 alterum
493 987 632 1060 cerebri
667 985 862 1059 dimidium
903 987 1111 1084 congestio,
1146 985 1204 1059 vel

234 1107 382 1180 alterius
411 1109 525 1206 partis
550 1120 665 1180 status
698 1105 849 1205 quidam
879 1103 1203 1203 inflammatorius,
1280 1100 1281 1108 ἵ

234 1239 299 1300 ent
329 1227 472 1324 sanguis
505 1228 601 1299 circa
631 1225 781 1298 alteram
811 1239 954 1325 partem
986 1237 1086 1300 extra
1117 1251 1203 1301 vasa

234 1344 405 1445 profusus
445 1369 634 1444 nunquam
668 1345 742 1418 fere
780 1369 887 1437 causa
919 1346 996 1417 eius
1029 1346 1201 1418 transitus

235 1473 313 1536 non'
341 1487 418 1536 esse
447 1450 628 1540 videntur.
662 1465 829 1556 Quorum
864 1487 977 1563 quum
1011 1462 1155 1540 facilior
1183 1491 1208 1540 a

235 1583 369 1656 dextris
394 1585 443 1657 sit
466 1599 611 1658 exortus
641 1609 820 1683 causaque
849 1582 1087 1683 hemiplegiae
1121 1597 1201 1657 tan·

235 1717 315 1780 ¹turn
352 1729 429 1778 non
461 1729 605 1802 semper
633 1705 676 1776 iu
708 1703 878 1802 opposito
919 1703 1047 1801 capitis
1087 1700 1199 1776 latere

134 1862 137 1872 s
234 1823 397 1921 haereat,
422 1823 494 1896 hoc
519 1825 631 1896 etiem
655 1824 910 1906 confirmatum
926 1819 1110 1919 videmus,
1136 1823 1202 1896 fre·

234 1944 406 2042 quentius
431 1941 477 2016 ab
493 1941 593 2016 hisce
609 1941 836 2043 hemiplegiis
858 1942 1042 2016 sinistnrm
1069 1965 1201 2042 corpus

232 2063 378 2138 resolvi.
412 2063 582 2149 Cetenrm
613 2063 741 2136 eadem
772 2062 880 2163 plane
913 2086 1020 2136 causa
1057 2060 1201 2136 subesse

236 2181 407 2278 videtur,
437 2207 502 2254 cur
533 2179 721 2254 arthritice
761 2179 949 2282 speciatim
983 2179 1200 2280 hemipiegia

233 2301 422 2372 sinistrum
444 2299 659 2394 plerumque
675 2297 809 2374 efficiet
827 2299 920 2374 lutus
936 2303 997 2392 (ι).
1023 2297 1097 2372 Nec
1124 2325 1200 2374 uon

216 2414 448 2512 intelligitur
479 2439 523 2492 ex
555 2439 622 2512 eo,
656 2413 757 2514 quod
787 2413 912 2488 dextra
950 2401 1079 2513 cepitis
1115 2439 1199 2515 pars

177 2555 181 2561 ’
233 2559 319 2636 prae
342 2536 497 2613 sinistra
536 2533 676 2608 facilius
709 2535 881 2631 sanguine
915 2534 1023 2614 nitriis
1062 2535 1200 2634 replen-

229 2669 309 2751 tur,
337 2651 402 2728 'cur
426 2654 582 2730 Hsuirrs
606 2661 653 2747 (α)
680 2653 793 2728 semel
817 2653 979 2751 linguae,
1004 2653 1198 2728 bistotius

231 2775 396 2872 corporis
428 2774 565 2846 sinistri
595 2773 739 2872 lateris,
772 2797 840 2848 nec
869 2797 1033 2872 unquam
1064 2773 1197 2872 dextri,

230 2891 487 2992 hemiplegium
515 2896 668 2970 vomicis
699 2893 916 2995 pulmonum
944 2897 1197 2994 supervenire,

230 3039 345 3110 quum
373 3013 525 3088 vomicis
551 3017 666 3114 ruptis
692 3041 760 3116 pus
787 3004 976 3114 copiosum
1008 3015 1196 3110 exivisset,

231 3131 407 3230 paulatim
424 3159 581 3234 cessare,
598 3138 712 3234 sputis
728 3137 928 3236 suppressis
949 3137 1198 3211 imminutisve

230 3251 349 3328 redire
374 3253 516 3336 viderit.

232 3681 270 3738 (r)
289 3673 419 3728 Sinvioss
438 3677 574 3744 nosclogin
587 3678 708 3736 nabod.
727 3681 802 3733 clrrs.
821 3679 869 3735 VI.
888 3679 972 3736 norb.
994 3633 1033 3733 rs.
1051 3698 1078 3734 n.
1096 3683 1121 3736 5.

86 3781 93 3791 ‘
230 3767 268 3830 (u)
285 3761 315 3818 L·
334 3779 355 3818 t.
374 3763 403 3818 P·
424 3765 470 3820 ΙΙΙ.Ι
489 3782 516 3839 Ρ.
538 3781 593 3818 tor.
612 3783 664 3836 ssq.
