2594 4474
272 357 276 362 .
1023 315 1048 364 V

96 441 370 508 nervorum
418 414 763 542 viscerumque
798 407 1078 528 ‚functioni-

95 560 195 660 bus
241 568 570 700 respirationis
594 583 653 670 ¹et
666 631 673 662 ·.
686 565 921 664 circuitus
967 600 1079 666 san·
1163 617 1167 624 ·

95 717 266 844 guinis
297 714 706 848 inservientium)
743 699 893 849 atque
915 727 1080 820 conti-

95 879 301 972 naaria.

44 1081 50 1091 =
155 1019 222 1122 lu
243 1025 478 1156 eligendis
500 1022 923 1128 dissertationibus
948 1027 1085 1158 apud

88 1183 515 1299 'exteros.editis,‚
539 1180 688 1297 talea,
724 1211 987 1314 quousque
1025 1181 1082 1278 ti-

96 1351 203 1450 cet,
239 1365 489 1438 removere
523 1335 712 1468 placuit
720 1391 736 1458 ‚·
770 1369 898 1467 quae
933 1333 1086 1467 hypo-

9 1488 10 1500 '
97 1485 270 1596 theses
299 1491 548 1610 redolent,
586 1511 699 1608 aut,
731 1491 870 1622 q'ucd
890 1493 1084 1591 circiter

10 1625 40 1686 7
101 1639 243 1738 idem
278 1663 378 1763 est,
414 1637 542 1778 quae
562 1649 848 1777 ‘systematis
883 1648 1083 1777 vestigia

100 1795 340 1898 offerunt..
374 1797 551 1900 Tristis
599 1802 733 1896 enim
758 1801 1084 1930 ,experientia

10 2079 11 2084 Ν
99 1952 220 2050 satis
256 1951 504 2071 edocuit,
552 1954 802 2052 zizanium
849 1987 913 2048 ex·
959 1955 1116 2084 agris

99 2103 354 2206 sterilibus
420 2106 720 2228 Brunonis,
790 2105 1082 2229 Dorwmii,

94 2257 409 2381 Broussairi,
438 2259 825 2362 Hohnemcnni
846 2279 988 2360 etcet.
1012 2259 1085 2368 ,ad

96 2410 372 2512 luxurians
394 2411 569 2508 Italiae·
612 2413 775 2509 solum
808 2391 1083 2530 delatum,

98 2568 324 2694 germina
346 2562 566 2686 elladio,
591 2565 1084 2688 Vatttsntertc,·Lam

10 2725 11 2728 ‘
102 2724 226 2822 cisio
240 2740 267 2838 ,“
306 2719 609 2852 Morgagnic
624 2793 642 2841 ,
693 2719 864 2822 Ghisic
879 2795 905 2842 ,,
956 2719 1081 2862 1Ῑαί-ι

106 2870 377 3004 carenghio
391 2909 410 2992 ‘,
438 2873 681 2972 Burserio¹
708 2893 850 2974 etcet.
888 2876 1079 3004 posita,
1172 2946 1175 2951 -

102 3025 183 3131 ita·
211 3023 558 3145 adumbrasse,
574 3044 652 3124 :ut
685 3023 845 3122 modo-
883 3023 1080 3124 nonnisi

103 3178 294 3312 singula
302 3223 307 3260 1
328 3199 385 3278 et
406 3213 571 3314 sparsa
595 3211 771 3304 eorum
796 3183 1009 3312 vestigia.
1025 3183 1080 3278 in

100 3350 431 3465 conspectum·
460 3337 674 3466 veniant.
784 3314 788 3323 ⁵
823 3375 850 3446 f

167 3485 283 3586 Nec
306 3507 537 3632 expectet·
555 3492 667 3628 quis
688 3491 818 3587 inter
841 3488 1078 3619 opuscula

98 3633 182 3775 hic
228 3639 404 3756 selecta
451 3641 604 3762 talia,
661 3676 790 3775 quae
838 3643 1079 3748 virtutem

100 3779 483 3923 pharmacorum
502 3881 505 3884 .
525 3799 768 3900 uovorum
811 3794 1077 3928 extollunt.
