2614 4476
989 293 1040 371 99

106 409 220 460 versus
244 407 287 458 ea
312 383 490 484 congestis
513 383 590 456 iam
607 397 824 484 superentur
840 385 984 488 sibique
1001 391 1064 464 ad·
1086 466 1090 473 ,

105 505 242 604 ductor,
258 529 281 580 a
299 503 430 607 quibus
446 507 540 582 iusta
558 506 807 582 elaboratione
826 512 1062 597 errerementi·¹

103 626 166 700 tiae
189 629 359 702 materiae
383 627 605 728 separandae
634 649 676 702 ae
700 629 741 702 in
765 627 1063 730 athmcspheram

101 744 338 848 profligandae
364 748 540 846 fuissent,
565 773 662 849 pene
693 749 856 848 integros
880 751 1059 832 emittant

100 866 279 967 vegetatio
295 883 372 946 tota
388 869 603 970 plerumque
621 869 674 943 ibi
691 871 812 946 minus
829 872 946 969 viget,
962 871 1061 946 unde

100 992 283 1090 temperies
309 990 520 1066 sudantium
543 992 708 1090 paniumg
735 993 832 1066 iusto
857 993 980 1068 minor
1005 1009 1060 1068 est

99 1125 154 1209 et,
174 1138 288 1214 aeque
314 1137 356 1188 ac
387 1113 499 1188 sudor
530 1114 571 1186 in
602 1115 698 1186 eutis
730 1114 959 1212 superficiem
973 1168 984 1211 ‚
1017 1117 1058 1186 in

99 1232 302 1312 rellulosam
325 1229 510 1308 interdum
541 1255 662 1308 serum
691 1233 833 1332 aufugit
864 1247 1056 1334 partesque

98 1354 278 1431 oedemate
302 1356 499 1430 tumefecit
518 1355 604 1448 Quo
618 1355 751 1428 referas
768 1357 980 1455 praesertim
998 1381 1057 1429 co·

96 1476 264 1576 pimores
289 1476 507 1578 bemiplegia
533 1476 591 1552 rel
616 1491 764 1577 torpore
781 1489 818 1550 et
835 1491 983 1578 stupore
1006 1477 1067 1552 af·-

96 1594 180 1676 ticet
192 1597 318 1674 lateris
333 1597 500 1697 sudores,
514 1599 647 1672 referas
661 1612 904 1672 memoratum
921 1600 1055 1674 sinistri

92 1715 206 1798 'lateris
231 1719 422 1796 oedemate
443 1721 615 1794 tumentis
634 1717 813 1792 sudorem.
830 1717 994 1822 Pertinet
1009 1743 1054 1792 eo

95 1840 196 1915 edam
219 1841 437 1934 Hoernenrn,
463 1839 574 1919 sodor
599 1839 716 1924 dextri
740 1838 879 1938 lateris,
902 1841 966 1940 qui
980 1841 1055 1916 iam

94 1962 377 2048 moderatissima
413 1961 575 2060 eorporis
613 1961 808 2058 agitatione
842 1975 880 2034 ot
913 1975 1052 2037 attenta

94 2083 200 2161 enimi
222 2081 476 2166 meditatione
496 2082 670 2156 excitatus
702 2079 886 2154 celerrime
911 2083 952 2154 in
978 2095 1054 2180 gut·
1173 2092 1176 2100 '

23 2303 24 2308 Ἰ
93 2215 144 2276 tas
165 2205 280 2286 coivit
299 2204 480 2276 *maximas
495 2216 604 2301 atque
620 2201 770 2300 frontis,
795 2204 892 2301 nasi,
917 2205 1048 2298 menti,

93 2328 241 2422 pectoris
260 2338 301 2398 et
314 2325 434 2400 omme
449 2323 578 2424 reliqui
591 2329 753 2424 corporis
769 2339 911 2424 partem
927 2340 1050 2402 exacte

93 2443 276 2522 dimidiam
301 2445 493 2543 frigentem
522 2445 632 2523 simul
656 2445 705 2520 ad
729 2457 905 2528 attactum
931 2446 1053 2546 largis·

93 2565 178 2642 simo
201 2567 311 2642 latice
337 2566 499 2666 perfudit
511 2621 521 2666 Ζ
547 2569 694 2642 sinistro
717 2565 828 2640 latere
854 2593 957 2664 raro,
982 2569 1052 2640 nisi

92 2709 225 2764 summe
253 2687 363 2762 fuerit
388 2685 530 2762 sudatio
538 2713 548 2784 3
573 2686 667 2760 ultra
682 2685 872 2764 madorem
898 2685 1057 2760 sudante

93 2816 126 2877 et
147 2804 309 2906 legitimo
335 2829 402 2882 suo
428 2819 592 2906 tempore
625 2819 851 2905 temperato,
884 2805 1053 2880 dextrum

92 2925 162 2998 eins
186 2941 299 3028 caput
321 2929 470 3028 insuper
502 2926 727 3006 hemicrania
760 2927 969 3027 frequenter
1001 2927 1051 2999 la-

90 3040 256 3146 borabat,
281 3047 407 3122 dexter
432 3045 560 3128 oculus
585 3049 731 3123 sinistro
747 3045 856 3146 longe
881 3045 1050 3123 hebetior

93 3180 184 3265 erat,
221 3163 397 3242 dextrum
418 3189 544 3240 nnrem
575 3166 798 3240 incessabilis
833 3165 1051 3241 occludebat

94 3287 242 3380 gravedo
269 3301 307 3359 et
331 3286 548 3386 destillatio,
580 3288 659 3388 ipsa
691 3286 814 3386 lingua
844 3287 969 3360 dextra
994 3289 1050 3364 sui

94 3418 188 3500 parte
214 3405 325 3481 veluti
353 3407 568 3484 subnervata
601 3406 783 3481 difficilius
813 3406 1050 3502 movebatur,

94 3524 256 3600 universo
281 3526 384 3600 lateri
409 3527 553 3626 dextro,
579 3526 765 3628 scapulae,
792 3526 921 3604 femori
947 3541 984 3600 et
1009 3529 1064 3600 ti·-

95 3637 170 3716 biae
187 3648 410 3748 praesertim,
427 3649 592 3724 continui
609 3644 871 3723 incumbebant
886 3645 1050 3724 rheuma*

96 3761 209 3866 risui-2
234 3781 271 3845 et
294 3767 436 3849 molesti
461 3783 645 3875 praeterea
678 3795 784 3877 saepe
816 3781 920 3848 erant
950 3768 1048 3850 trull
