2614 4476
980 317 1045 392 115

117 451 287 514 zosterem
320 448 439 510 totum
483 462 614 538 eorpus
654 438 863 534 cingentem
899 453 1079 512 asseverat
1196 498 1199 508 .

115 561 304 632 Tonnsnnu
322 561 368 651 (t)
387 559 529 657 saepius
546 557 772 655 observasse,
799 560 864 656 qui
889 582 975 631 vero
993 540 1079 636 cuni

116 678 189 752 aliis
205 680 298 752 cutis
316 667 566 778 eruptionibus
582 689 706 750 nostra
725 677 877 750 omnino
895 679 1079 780 confudit,

116 823 179 872 nec
208 798 343 872 diserte
378 796 527 897 quidem
558 795 652 876 illud
687 795 786 870 dixit.
821 797 1077 873 Recentiorurn

116 943 235 1017 nemo,
261 930 440 1018 quantum
464 919 591 1015 seiam,
619 924 751 989 zonam'
774 929 970 1016 utrumque
998 931 1080 991 cor·'

119 1041 212 1138 poris
239 1037 335 1110 latus
361 1036 584 1110 ambientem
599 1035 701 1111 vidit.
727 1033 852 1136 Neque
877 1049 999 1110 tamen
1023 1040 1081 1111 in-

115 1157 209 1230 ficias
235 1157 321 1256 ibo,
354 1157 454 1258 quod
479 1183 556 1230 non
585 1155 782 1256 aliquando
809 1153 889 1229 talis
915 1157 1083 1231 accidere

117 1281 246 1377 possit3
272 1279 421 1351 initium
440 1280 546 1351 'enim
571 1281 657 1380 ejus·
673 1275 822 1377 aliquod
847 1287 922 1350 esse
937 1278 1082 1354 videtur

115 1397 358 1473 memorabilis
384 1423 488 1472 casus
506 1397 553 1472 ab
575 1400 748 1472 Atsmsro
776 1405 825 1493 (2)
850 1398 1107 1497 obseruatum·

114 1541 184 1618 quo
210 1543 326 1594 zonae
360 1518 548 1592 sinistrum
581 1515 741 1593 thoracis
775 1518 869 1592 latus
905 1546 925 1591 a
958 1533 1081 1595 sterno

113 1637 194 1712 inde
221 1639 403 1738 cingentis
419 1648 602 1738 postrema
619 1637 725 1741 plaga
749 1638 893 1738 palmae
917 1638 1081 1713 taurudia

113 1779 156 1830 ne
171 1753 317 1860 spinam
334 1758 435 1833 dorsi
452 1760 644 1858 superavit.
670 1739 889 1833 barontane
917 1759 965 1852 (3)
990 1783 1081 1859 quo·

114 1901 201 1978 que,
236 1880 328 1980 qui,
360 1875 409 1952 ad
439 1878 487 1953 30
519 1877 579 1953 vel
604 1881 653 1974 4⁰
680 1903 794 1954 zonae
820 1904 922 1950 casus
947 1904 985 1951 se
1003 1878 1081 1951 'sibi

114 1996 302 2096 obtulisse,
328 1999 523 2097 asseverat,
547 1998 775 2100 pustularum
792 1995 936 2070 insulas
954 1997 1000 2070 ab
1020 2023 1082 2072 an·

114 2117 182 2190 tica
207 2132 314 2220 parte
340 2117 536 2219 aliquando
553 2117 648 2193 vidit
665 2143 775 2221 supra
798 2117 935 2190 lineam
961 2117 1082 2192 albam

70 2271 73 2280 v
112 2251 273 2312 extensas
283 2265 294 2337 3
309 2262 400 2312 uum
417 2253 538 2312 antem
555 2263 632 2313 non
645 2240 760 2338 magis
772 2238 1076 2335 transcenderint,

113 2375 151 2429 ae
166 2357 331 2432 Gsunsro
350 2357 705 2459 quandoque'visum
723 2375 797 2458 est,
823 2384 869 2431 ne
890 2356 950 2432 vel
976 2355 1081 2457 digiti

112 2470 364 2576 latitudinem,
391 2478 614 2568 adulterius
638 2480 902 2580 processerint,
928 2479 1081 2553 minime

114 2600 271 2696 exponit.
286 2598 332 2671 Id
343 2612 466 2671 autem
481 2597 610 2672 saltem
626 2601 802 2700 appositis
816 2597 985 2684 effectum
1001 2605 1079 2670 esse

113 2729 239 2816 putes,
271 2719 451 2812 satissime
477 2743 607 2794 zonam
632 2721 672 2791 in
698 2731 892 2817 utrumque
918 2718 1080 2817 eorporis

114 2829 204 2908 latus
230 2835 379 2910 extendi
395 2830 520 2938 atque,
547 2864 661 2940 quum
685 2863 779 2939 pene
806 2835 945 2910 nullam
963 2834 1079 2935 legem

116 2968 243 3030 natura
260 2957 367 3032 nobis
385 2958 531 3057 offerat,
556 2982 577 3031 a
594 2981 666 3060 qua
683 2985 760 3033 non
778 2955 1079 3058 aliqua‘exceptio

116 3075 334 3178 quandoque
361 3077 532 3153 obveniat
544 3134 555 3177 ‚
580 3078 751 3154 morbum
777 3074 941 3154 absolute
964 3073 1077 3148 ¹disni-

118 3189 256 3272 diatum
279 3223 403 3273 revera
429 3198 627 3306 dicendum
653 3225 739 3272 esse.

428 3460 757 3490 Μ
787 3483 789 3488 ,

120 3629 160 3694 (ι)
175 3630 297 3688 Direaeos
313 3632 402 3706 nithe
419 3632 488 3688 stin.
505 3629 588 3703 ctap.
605 3632 630 3686 5.
641 3649 674 3703 p.
692 3631 735 3689 to'.

100 3809 103 3818 “
122 3715 207 3868 gib.
224 3737 248 3864 d.
265 3825 293 3880 p.
310 3808 369 3876 341.
386 3816 451 3862 note
467 3805 525 3877 247.
