2594 4474
234 246 282 337 rs

205 363 399 464 paralysis,
426 361 673 440 convulsionis
695 364 879 462 opposite,
905 365 1175 466 exemple'om·
1293 353 1294 364 ¹

206 487 268 556 nia
285 477 462 560 ¹deutrum
499 485 593 558 latus
623 483 838 559 convulsum·
871 484 979 558 luisse
1013 487 1173 562 tradunt
1293 505 1294 514 ’

207 603 309 696 Quae
335 629 424 685 num
451 605 602 678 fortasse
628 603 674 677 ab
692 629 736 678 eo
752 603 932 704 pendent,
953 606 1055 704 quod
1071 607 1175 679 nervi

206 726 246 798 iu
271 726 418 798 sinistro
445 726 608 824 corporis
632 724 744 796 latere
760 723 964 822 distributi,
981 733 1074 825 quos'
1091 725 1176 798 dex-

205 845 253 916 tri
277 842 399 916 lateris
424 846 543 956 nervis
571 843 782 917 mobiliores
799 867 876 918 esse
894 843 1108 944 faciliusque
1124 843 1175 916 as·

206 964 266 1036 fici
299 953 367 1037 alia
404 949 492 1038 ιιιοιιΙ
529 963 850 1038 commemoranda
890 963 1173 1064 demonstrant,

207 1083 369 1156 eadem
360 1111 399 1156 ιιι
432 1087 595 1185 ipsorum
629 1099 755 1158 centro
790 1086 858 1158 sita
890 1110 997 1157 causa
1030 1086 1174 1186 gratius

206 1203 430 1303 affligantur,
456 1205 557 1306 quod
588 1205 672 1280 ideo
706 1204 833 1280 eadem
858 1231 966 1280 causa
978 1261 989 1304 ,
1015 1205 1175 1305 quaein

101 1399 106 1404 ,
208 1323 335 1398 dextro
361 1324 472 1398 latere
499 1327 645 1400 nonnisi
672 1326 926 1402 convulsiones
952 1323 1110 1422 efficiat,
1134 1327 1175 1396 iu

206 1445 352 1518 sinistro
378 1443 563 1545 paralysin
596 1446 738 1545 giganti
764 1448 820 1522 Αιι
852 1448 891 1520 ιιι
924 1445 1176 1520 musculorum
1220 1427 1226 1434 ¹

110 1595 112 1599 ·
203 1565 327 1664 potius
351 1565 468 1638 dextri
493 1581 531 1639 et
554 1568 691 1664 sinistri
724 1567 845 1642 lateris
879 1568 978 1641 varia
1002 1564 1175 1638 incitabi-

204 1681 323 1758 litate
334 1711 442 1760 causa
468 1659 702 1786 quaerendal

280 1811 306 1895 §
335 1806 395 1880 35.
422 1807 685 1881 Convulsiones
720 1805 852 1898 deinde
886 1820 924 1880 et
938 1780 1176 1904 eclampsiae

205 1925 377 2024 insultus,
404 1930 466 2027 qui
491 1953 535 1999 ex
560 1928 698 2025 ingenti
726 1925 847 2026 aliqua
871 1927 1092 2022 irritatione,
1118 1950 1175 2008 su·
1205 2001 1209 2006 ,

205 2043 288 2118 bito
311 2047 447 2120 iniecto
473 2061 609 2119 terrore
631 2045 749 2120 aliove
766 2046 976 2143 gravissimo
993 2045 1107 2114 animi
1124 2041 1177 2114 as-

205 2162 324 2262 secta,
350 2157 633 2266 superveniunt,
656 2165 756 2239 haud
780 2189 862 2238 raro
888 2163 934 2236 ab
960 2188 1036 2236 uno
1062 2161 1177 2234 latere

207 2273 499 2360 vehementiores
522 2285 698 2360 accidunt
719 2311 830 2387 quam
856 2284 901 2357 ab
927 2283 1060 2379 altero,
1086 2306 1180 2380 non·

207 2427 397 2503 nunquam
430 2406 550 2480 solum
582 2406 736 2478 alterum
772 2405 866 2479 lutus
902 2401 1094 2483 invadunt.
1128 2401 1179 2472 Et

204 2549 301 2622 quae
327 2525 476 2624 quidem
497 2551 541 2598 ex
559 2526 669 2600 locali
694 2525 815 2625 aliqua
840 2547 1037 2597 nervorum
1060 2522 1180 2612 irrita-

88 2747 97 2751 ,
207 2644 307 2716 tione
331 2635 489 2744 pendet,
523 2644 737 2744 convulsio,
769 2643 852 2719 id
843 2642 1023 2742 imprimis
1056 2639 1177 2738 latus,

206 2763 247 2834 in
273 2789 346 2862 quo
371 2767 638 2839 irritamentum
667 2765 817 2863 haeret,
842 2762 902 2837 vel
926 2761 1090 2861 gravius,
1116 2758 1178 2833 vel

206 2882 326 2956 solum
351 2884 492 2959 afficere
517 2883 620 2959 solet.
643 2885 729 3001 Quo
755 2884 930 2985 pertinet,
956 2881 1103 2956 lsnsrurr
1127 2884 1178 2970 (ι)
1295 2983 1296 2988 ¹

209 3002 405 3105 aliquando
441 3004 609 3079 dextrum
646 3007 767 3084 trunci
803 3004 856 3079 lat
841 3018 898 3079 tus
936 3001 1177 3100 dextrumque

210 3123 291 3228 c'rus
316 3139 352 3197 et
376 3123 567 3199 brachium
600 3129 742 3227 saepius
772 3119 1010 3236 redeuntibus
1035 3119 1178 3195 vicibus

529 3361 854 3392 m

214 3572 254 3637 o)
271 3569 362 3632 nrm
379 3569 446 3624 aea
461 3569 657 3624 usuram
668 3586 694 3620 ιι
706 3565 786 3622 um
794 3567 1017 3624 retinuere.
1034 3587 1058 3620 ν.
1076 3565 1173 3619 eun-
1292 3534 1295 3551 '

274 3673 352 3710 ιω.
371 3657 404 3710 Τ.
422 3659 469 3712 lll.
487 3675 513 3728 p.
531 3658 579 3726 67,
598 3656 645 3708 ubi
662 3663 690 3708 et
707 3656 759 3710 alia
775 3675 791 3710 a
808 3657 943 3720 Clotnto
959 3655 1057 3712 litteris
1073 3654 1172 3710 uertite

270 3743 342 3798 haud
359 3745 486 3802 absimilis
503 3744 613 3802 historia
630 3752 793 3800 recensetur.
