2594 4474
119 390 314 492 praecipue
341 401 544 490 spectantes
572 371 692 488 partes
703 442 713 488 ,
746 399 903 488 systema
929 392 1081 490 respira·

89 547 90 552 ¹
121 515 247 612 tionis,
267 537 353 586 vasa
374 512 512 585 maiora
529 536 612 584 cum
635 508 745 586 corde
763 523 801 582 et
817 536 930 591 cares.
946 511 1081 588 Exacta

118 648 242 708 autem
268 633 308 706 in
336 632 485 707 homine
518 655 681 734 quoque,
711 631 797 704 licet
826 633 937 706 edam
965 634 1079 732 magis

112 754 283 830 absoluta
304 756 514 855 symmetria
536 756 574 828 in
592 752 809 831 animalibus
824 755 1006 828 inferioris
1024 780 1080 829 or·

114 873 213 950 dinis
237 875 395 972 insignes
422 899 498 948 esse
523 874 732 973 videantur,
763 888 883 975 partes
908 873 954 948 ab
980 889 1081 950 utro·

117 1023 187 1098 que
211 993 325 1068 latere
351 993 419 1068 sihi
444 983 690 1094 respondent,
707 1019 799 1096 quae
833 1019 917 1068 cum
939 995 1078 1098 'reliquo

116 1114 258 1190 mundo
283 1129 512 1188 connectunt
537 1112 782 1212 individuum,
807 1115 925 1190 motui
941 1128 978 1187 et
997 1141 1078 1188 sen·

99 1237 172 1312 “sui
199 1234 340 1308 dicatus
365 1249 556 1334 apparatus
583 1261 667 1308 cum
693 1248 819 1310 centro
853 1261 941 1334 suo,
981 1259 1079 1308 cere-

116 1357 184 1436 bro
211 1369 249 1428 et
272 1355 447 1454 medulla,
472 1355 646 1456 illaeque,
662 1381 754 1456 quae
779 1357 1080 1457 propagationem
1128 1417 1133 1422 .
1235 1421 1238 1428 ,

118 1478 258 1578 generis
286 1478 538 1578 prospiciunt,
568 1491 675 1580 atque
708 1477 800 1554 adeo
834 1492 983 1576 exacte,
1015 1492 1056 1551 ut
1068 1534 1079 1578 ,
1124 1467 1126 1472 ’

118 1598 220 1700 quod
235 1595 284 1670 ad
299 1623 358 1672 eas
375 1600 523 1698 attinet,
540 1625 560 1672 e
577 1597 727 1700 paribus
743 1598 885 1673 duobus
902 1600 942 1674 in
957 1599 1080 1674 medio

117 1747 159 1795 eo
186 1718 389 1794 commissis
413 1719 577 1820 partibus
592 1741 734 1824 ¹corpus
768 1732 933 1793 nostrum
964 1725 1080 1793 unum

117 1842 255 1914 factum
280 1865 356 1912 esse
380 1838 556 1914 videatur.
583 1839 729 1931 Quode
750 1838 910 1912 dimidiis
936 1838 1080 1914 duobus

117 1953 275 2035 confluxi
264 1985 332 2032 sse
357 1960 477 2032 minus
503 1958 652 2058 quidem
673 1958 827 2058 egregie,
855 1957 1081 2059 aliquatenus

58 2112 62 2121 ·
116 2093 241 2180 tamen
267 2092 304 2152 et
328 2103 372 2152 ex
395 2075 498 2178 parte
521 2076 578 2154 vel
594 2080 704 2152 etiam
720 2078 910 2152 manifeste
918 2103 1080 2189 ,organa

116 2225 263 2302 quoque
297 2198 397 2299 prius
430 2198 541 2274 dicta
563 2198 783 2297 ostendunt,
820 2182 975 2301 proinde
1010 2225 1079 2298 ac,
1175 2289 1184 2298 ,

115 2323 300 2396 Musarum
327 2323 374 2412 (t)
400 2318 693 2417 demonstrante,
719 2346 738 2392 e
766 2321 993 2394 formationis
1018 2343 1080 2394 eo·

116 2467 199 2516 rum
224 2441 415 2538 vitiosum,
440 2465 531 2539 quae
555 2466 599 2514 ex
614 2374 821 2516 evolutione
838 2439 995 2515 inhibita
1013 2465 1080 2543 op·

117 2565 204 2636 time
230 2573 480 2660 exponuntur,
504 2563 736 2660 ipsorumque
758 2563 983 2636 teneriorem·
1004 2587 1080 2643 em·

115 2681 301 2782 bryonum
318 2679 579 2756 observatione
603 2681 820 2766 luculentius
841 2666 941 2756 idem
957 2683 1081 2784 palam

116 2801 166 2876 fit.
192 2801 418 2876 Anatomica·
430 2815 552 2874 autem
570 2781 981 2903 corporisdimidiarum
997 2829 1083 2906 par·

117 2923 210 2996 tium
223 2921 465 2996 consideratio
479 2947 592 3023 quum
609 2947 630 2996 a
647 2926 953 3000 commentatione
967 2925 1082 3002 lracce

118 3041 241 3116 abesse
267 3040 423 3141 debeat,
452 3043 555 3143 plura
581 3048 767 3146 quaerenti
792 3047 986 3146 praecipua
1012 3071 1080 3122 no-

13 3173 16 3178 '
117 3164 273 3234 minasse
298 3163 432 3262 scripta
457 3163 626 3238 afficiat:
653 3164 784 3266 quihus
808 3167 921 3239 fusius
947 3161 1082 3242 dicitur

120 3306 202 3354 cum
220 3281 267 3361 de
286 3281 523 3383 dispositione
540 3286 708 3385 istarum,
735 3300 809 3360 tam
830 3287 1086 3388 symmetrica,

482 3605 720 3628 m

124 3755 219 3899 (ΟΙΕΙ
240 3759 373 3905 putltglgg.
390 3765 470 3820 Anat.
486 3766 516 3818 B.
534 3767 559 3818 t.
578 3766 652 3820 rara.
671 3783 698 3836 p.
716 3768 748 3838 93
767 3765 852 3822 etat
869 3717 926 3827 luc
945 3773 973 3823 ct
994 3765 1074 3822 Beit'r.

217 3857 276 3917 Η
