2614 4476
948 261 1015 339 113
1089 355 1091 360 Ι

180 400 204 486 §.
230 395 288 467 81.
313 391 423 466 'Pn'us
457 412 566 488 quiam
599 384 749 460 ulterius
778 383 1042 485 procedamus,

93 518 173 590 scire
198 539 288 616 opus
303 528 372 603 est,
398 533 534 584 numne
552 533 643 582 zona
661 533 734 583 con
751 521 903 580 cutanea
922 507 1041 608 aliqua

93 639 268 738 emptione
300 649 442 736 praetcr
472 635 524 709 ita
556 629 744 712 definitam
776 627 900 702 sedem
939 631 1042 702 omni

93 759 219 836 ratione
245 756 459 853 conveniat,
490 753 646 852 ideoque
672 775 739 850 pro
766 749 843 823 sola
875 751 951 822 eius
980 776 1044 843 ua·

93 879 206 958 rictam
239 875 408 951 habenda
441 877 497 948 sit.
525 872 640 964 Quod
671 897 758 944 vero
793 897 870 946 non
901 874 952 960 ita
972 901 1044 979 ¹us·

94 1023 143 1098 se,
168 1000 231 1073 sed
247 998 293 1072 ab
309 1001 364 1071 iis
386 1021 530 1098 quoquc
554 991 885 1091 exanthematibus‚
912 995 1043 1094 quibus

91 1146 168 1220 prae
193 1120 499 1232 cetcns'maxime
526 1116 641 1206 affinis
668 1128 723 1188 est
736 1168 745 1211 ,
772 1128 847 1187 tam
874 1127 1043 1201 constan·

93 1239 178 1314 tibus
203 1240 273 1316 sibi
285 1295 295 1340 ‚
322 1263 432 1340 quam
457 1237 623 1337 gravibus
645 1236 754 1334 signis
772 1237 950 1313 circinum
974 1237 1045 1312 dis-²

91 1350 195 1461 iungi}
222 1387 310 1434 cum
331 1359 544 1456 Bassumus,
571 1371 650 1430 tum
666 1357 939 1455 Wrcnuaurus,
965 1371 1044 1432 tum

92 1471 249 1581 Rnurus,
282 1483 353 1556 viri
384 1483 424 1553 in
456 1477 670 1562 morborum
703 1479 866 1578 diagnosi
904 1504 1044 1554 summe

93 1602 320 1701 excellentes,
352 1601 484 1702 aliique
516 1601 727 1702 probarunt.
754 1601 857 1692 Quae
883 1627 968 1674 cum
992 1603 1044 1674 ita

86 1723 176 1820 siut,
200 1726 276 1796 iam
303 1725 419 1824 gravis
444 1724 606 1822 quaestio
632 1723 821 1822 obiicitur,
846 1749 936 1798 num
960 1753 1046 1804 vere

92 1841 265 1920 absolutus
292 1843 442 1918 morbus
475 1844 684 1918 dimidiatus
704 1858 832 1919 -zostcr
855 1847 1046 1923 habendus

92 1963 142 2036 sit.
174 1967 263 2040 Esse
292 1966 367 2058 fere
393 1980 536 2065 putam.
568 1968 737 2064 Legimus
767 1967 915 2067 quidem
946 1970 1055 2069 apud
1161 2033 1163 2036 .

91 2080 260 2185 Pmmuu,
296 2088 389 2185 ignis
421 2079 523 2174 sacri
538 2087 642 2188 plura
656 2113 745 2191 ‚esse
770 2113 919 2188 genera,
938 2092 1047 2164 <inter

92 2207 174 2302 quac
197 2206 362 2282 medium
377 2206 565 2282 hominem
589 2207 753 2282 ambiens
779 2223 896 2283 zoster
921 2210 1046 2310 appel·
1081 2279 1084 2286 ,

91 2321 177 2398 latur
201 2342 237 2402 at
261 2342 407 2427 enecet,
434 2331 463 2402 si
490 2331 651 2402 cinxerit.
678 2329 750 2403 Sed
771 2355 863 2403 num
878 2331 961 2406 talis
987 2357 1046 2430 ge-

93 2447 215 2520 nuinae
241 2473 358 2524 zonae
387 2451 528 2549 eruptio
561 2477 723 2552 unquam
751 2457 828 2528 visa
854 2459 900 2531 sit
926 2458 1046 2534 dubiis

94 2587 194 2664 quam
209 2569 428 2668 gravissimis
451 2573 636 2673 premitur.
664 2575 825 2666 Tuurrus¹
847 2584 894 2670 (1)
913 2578 1046 2678 aliique

93 2689 210 2786 pauci,
235 2690 300 2790 qui
317 2712 588 2766 veram‘zonam
604 2697 689 2766 satis
706 2694 799 2768 bene
817 2695 1046 2794 describunt3

95 2805 265 2882 circulum
279 2817 360 2881 cam
376 2836 457 2885 raro
470 2811 669 2888 admodum
685 2811 871 2892 absolvere
888 2804 1048 2895 innuunt
1075 2815 1079 2825 ’

95 2925 255 3023 qaudam,
280 2953 407 3004 verum
424 2955 467 3003 ex
482 2932 599 3006 Pumu
617 2939 849 3036 auctoritate,
874 2942 947 3040 ipsi·
971 2965 1047 3014 non

93 3043 268 3122 viderunt
293 3048 481 3124 Anouruus'
500 3056 547 3145 (2)
572 3079 609 3130 se
633 3055 963 3156 vidisscaffirmat,
989 3072 1048 3156 at,

81 3161 197 3268 *quam
222 3165 407 3270 describit,
432 3170 581 3250 morbus
605 3199 683 3248 non
698 3191 864 3254 nostrum
881 3180 1049 3256 exanthe-

95 3305 150 3358 ma
181 3304 237 3363 est
248 3343 261 3388 7
295 3291 361 3364 sed
391 3292 587 3393 crysipclas
620 3297 862 3374 vesicolosum
900 3302 1049 3378 fasciam

427 3487 429 3492 ,
677 3491 682 3500 ,
742 3501 748 3508 ⁴

319 3554 323 3562 ‹
450 3535 709 3572 m

599 3577 602 3586 .

101 3687 137 3750 o>
153 3688 264 3748 ossen.
281 3695 351 3750 mea
369 3697 426 3752 uu.
444 3654 566 3754 naon.
584 3702 631 3778 44.
707 3707 715 3714 ·

101 3776 139 3840 (2)
153 3777 217 3834 aeta
233 3791 288 3838 nat.
305 3803 361 3840 cur.
379 3787 441 3842 vot
458 3791 488 3845 X.
506 3789 562 3846 obs.
578 3809 604 3864 9

221 3895 571 3974 amana-vora
