2586 4480
958 287 1030 362 2¹05

178 416 210 500 §L
234 409 310 504 145.
335 411 483 484 Praeter
507 409 786 482 'architecturam
803 407 965 508 eorporis
979 431 1057 482 mu-

111 553 162 601 res
188 543 223 602 et
248 529 527 604 consuetudines
552 528 744 602 hominum
769 528 831 601 hie
852 530 1059 602 incensum

109 662 267 722 nostrum
291 652 453 725 veniunt.
478 650 578 722 Inter
594 673 657 724 eos
677 663 799 722 autem
814 662 956 722 tautum
974 673 1059 722 eon÷

107 767 283 842 siderandi
319 784 405 844 sunt
441 769 665 869 frequentior
706 767 847 841 brachii
882 767 1057 868 pedisque

108 883 216 960 dextri
242 903 390 964 uoueret
414 887 657 986 consuetudo,
685 887 777 988 quae
802 901 858 960 est
876 885 1058 986 plerisque

24 1043 25 1048 κ
105 1019 284 1107 nostrum,
310 1008 436 1084 dextro
462 1008 566 1082 lateri
595 1009 806 1108 praesertim
836 1007 1084 1105 incubandie

105 1149 185 1198 nam
214 1127 242 1201 ii
265 1128 333 1204 soli
359 1101 470 1203 totius
502 1128 648 1202 alterius
664 1126 801 1200 fateris
834 1129 1059 1201 constitutio·

105 1268 184 1318 uem
200 1247 309 1322 aliam
325 1247 476 1322 reddere
493 1262 642 1349 queunt.
656 1248 710 1322 Ut
721 1247 767 1322 de
782 1249 974 1347 posteriod
988 1251 1060 1348 pri·

103 1389 200 1442 mum
217 1367 353 1466 dicam,
368 1370 410 1441 iu
425 1375 591 1474 corpure,
605 1367 668 1442 ubi
680 1369 893 1467 sanguinem
909 1370 1059 1442 circum-

103 1483 269 1562 veheutia
300 1513 386 1564 vasa
412 1486 579 1562 debiliter
608 1473 718 1587 egunt
745 1501 853 1587 atque
881 1489 1075 1587 vegetatio
1109 1485 1112 1492 ’

103 1597 177 1676 lexa
202 1621 258 1682 est
281 1621 319 1680 et
342 1607 493 1683 minoris
510 1609 692 1704 energiae,
717 1609 749 1678 si
774 1605 930 1680 cubandi
957 1607 1059 1680 modi

102 1719 236 1822 aliquid
261 1729 413 1802 omnino
439 1727 508 1800 hac
533 1729 573 1800 in
605 1750 644 1800 re
673 1728 847 1823 interest,
873 1750 919 1798 eo
942 1726 982 1799 in
1007 1725 1060 1797 la·
1156 1752 1160 1759 “

104 1852 198 1942 tere,
230 1847 272 1919 in
305 1846 405 1946 quod
438 1845 629 1922 devolutus
663 1871 768 1942 aeger
797 1846 915 1918 iacere
947 1843 1059 1943 solet,

15 1999 16 2002 π
103 1955 297 2038 humorum
321 1967 513 2040 circuitum
529 1966 642 2063 magis
658 1964 832 2038 retardari
849 1961 1061 2063 faciliusque

103 2102 209 2176 quam
233 2087 274 2158 in
299 2084 412 2160 altero
436 2110 556 2160 serum
585 2097 683 2158 extra
707 2107 795 2158 vasa
818 2082 972 2180 effugere
998 2083 1077 2155 de·.

102 2194 184 2273 bere
195 2257 207 2301 ‚
232 2203 399 2278 dubitari
417 2205 543 2304 nequit
555 2232 566 2303 5
598 2229 642 2276 ex
674 2204 861 2277 communi
891 2201 1079 2286 observa-1.

103 2318 199 2395 tione
236 2317 365 2397 autem¹
395 2323 522 2401 dextro
559 2324 772 2422 praesertim
811 2321 1063 2420 incumbitur,

104 2433 189 2512 dum
220 2443 263 2516 in
295 2444 440 2516 sinistro
472 2444 653 2542 imprimis
693 2441 880 2541 hydropes
918 2443 1064 2542 conspi-

105 2557 244 2634 ciantur
269 2575 306 2634 et
328 2561 499 2661 largiores
532 2563 623 2635 fiant
654 2573 809 2660 aquosae
834 2561 1065 2642 secretiones,

105 2671 244 2768 Quibus
269 2703 356 2754 uero
373 2681 431 2756 'ob
458 2671 776 2756 consuetudinem
790 2677 892 2752 illam
919 2680 1069 2776 saepius»

103 2789 173 2870 hoc
202 2800 404 2898 refrigerari
438 2815 475 2876 et
510 2814 702 2902 propterea
733 2797 962 2898 hydropibus
994 2811 1061 2871 eto
1137 2785 1143 2796 ¹

104 2913 263 2994 erebrius
288 2918 383 2994 affici
403 2921 586 3021 videatur,
612 2943 798 3021 opponam
823 2941 908 3001 eum
921 2942 1085 3016 ‹aquam›

102 3033 140 3108 in
163 3040 310 3115 sinistro
337 3039 475 3114 cerebri
499 3021 721 3138 ventriculo,
741 3040 866 3113 ovorio
885 3051 921 3110 et
938 3037 1063 3110 tunica

102 3159 257 3256 vaginali
281 3162 422 3261 saepius
447 3159 737 3258 accumulatum,
766 3173 845 3232 turn
869 3158 1064 3258 'praecipue

103 3259 403 3365 inflammationes
427 3282 534 3376 istas,
566 3305 657 3380 quae
684 3280 850 3352 dextrum
875 3276 968 3350 latus
993 3289 1066 3349 ma·

107 3396 157 3490 gis
181 3399 366 3474 infestant.
1048 3388 1051 3395 ⁴

146 3525 177 3608 ἕ.
205 3507 287 3613 idd-
315 3521 426 3611 Quod
458 3520 589 3596 deiude
623 3519 673 3592 ad
705 3521 879 3593 maiorem
907 3515 1084 3615 partium.

109 3631 311 3712 dextrarum
336 3641 802 3737 motumyattinetqeoustat
824 3635 973 3736 quidem
999 3633 1067 3706 fre-

111 3760 233 3851 quenti
248 3773 351 3835 motu
368 3773 406 3860 et
422 3773 549 3835 eontra
563 3758 711 3834 morbos
723 3767 919 3846 nervorum
936 3777 1070 3856 eorpue
