2586 4480
254 341 266 388 t
299 315 323 390 6
429 355 439 374 .
577 383 580 388 .

222 343 344 537 apelrtc
368 433 547 534 produnt,
572 431 685 508 veluti
711 431 873 531 dolores,
899 435 1032 534 spasmi
1059 449 1096 508 et
1122 461 1180 536 pa·

221 535 364 656 ralytici
389 545 555 652 affectus,
581 553 713 628 deinde
731 579 823 653 quae
843 571 1012 626 vasorum
1038 558 1204 630 actione·

220 678 346 751 vitiata
371 699 412 748 ac
438 675 665 773 vegetatione
682 673 878 774 depravata
894 688 1116 748 exseruntur.
1135 720 1183 734 --

219 796 410 870 Accedunt
442 810 570 872 autem.
596 819 857 894 saepenumero
896 794 943 866 ad
976 789 1183 890 alterutrius

211 917 396 1019 pulmonis
420 915 541 988 labem
566 912 673 988 dolor
689 915 783 988 circa
804 912 1018 988 claviculam
1032 915 1093 988 vel
1111 943 1184 990 sca·

218 1036 345 1138 pulam
367 1036 427 1115 vel
451 1037 490 1109 in
515 1035 667 1110 brachio
687 1034 809 1107 later-is
835 1035 972 1132 affecti,
997 1037 1183 1110 interdum
1282 1121 1283 1140 ,

217 1156 394 1259 paralysis
419 1155 575 1231 brachii:
602 1153 650 1228 ad
670 1154 795 1228 cordis
817 1157 916 1228 varia
932 1157 1021 1229 vitia
1047 1159 1183 1231 sinistri

179 1259 183 1268 ¹
218 1277 429 1378 praesertim
453 1274 594 1382 brachii
629 1273 742 1347 dolor.
769 1264 812 1348 In
838 1274 1041 1374 hepatitide
1065 1271 1183 1350 et'nl-

218 1417 299 1472 cere
324 1389 466 1496 hepatis
497 1395 603 1470 dolor
634 1419 756 1497 saepe
775 1395 823 1466 ad
854 1395 1021 1468 dextrum
1053 1413 1182 1497 pectus

216 1515 451 1616 iugulumque
469 1511 688 1616 propagetur
701 1541 744 1587 ac
758 1518 955 1616 praecipue
970 1517 1067 1590 circa
1085 1511 1181 1592 sum·

211 1653 316 1712 mum
330 1636 536 1710 'humerum
558 1627 725 1708 dextrum
742 1650 860 1734 urget,
878 1637 1041 1710 dextram
1059 1661 1180 1712 suram

114 1837 115 1842 ,
216 1757 276 1834 vel
300 1757 418 1830 femur
447 1773 723 1858 nonnunquam·
745 1754 852 1828 dolor
882 1755 981 1829 haud
1013 1755 1107 1830 levis
1138 1783 1180 1830 ac
1282 1759 1283 1772 ’

213 1889 406 1979 spasmus,
429 1875 595 1948 dextrum
627 1874 842 1973 brachium,
876 1861 980 1976 quod¹
1001 1881 1099 1976 aegri
1125 1881 1181 1952 iu·
1212 1899 1220 1902 ·
1282 1941 1283 1972 ,

91 2017 96 2038 ¹
214 1997 360 2072 tardum
395 1995 558 2070 attollere
597 2010 807 2095 nequeunt,
845 2009 995 2095 torpor,
1028 2011 1181 2098 stupor,

215 2133 252 2192 et
278 2119 539 2192 formicationis
564 2141 688 2190 sensus
705 2131 906 2216 occupant,
924 2131 1077 2217 utraque
1094 2117 1178 2192 dex·

214 2253 269 2311 tra
295 2239 499 2318 extremitas
531 2235 767 2332 insensilitate
793 2251 830 2308 et
856 2234 1040 2312 debilitate
1067 2265 1180 2338 pran-

215 2357 335 2456 doque
360 2355 600 2456 prehenditur
625 2361 684 2448 (ι).
711 2355 852 2455 Eadem
883 2371 1133 2457 symptomata
1157 2387 1179 2431 a
1282 2413 1283 2416 ,

214 2477 356 2550 sinistra
381 2492 483 2579 parte
509 2476 659 2552 molesta
691 2478 733 2548 in
761 2475 870 2552 lienis
898 2477 1038 2550 morbis
1067 2483 1177 2554 inter·
1282 2547 1283 2562 2

212 2595 303 2668 'dum
341 2594 590 2670 observantur.
624 2597 675 2682 ,In
715 2595 953 2695 nephritide,
995 2597 1179 2672 calculosa

213 2719 442 2815 praesertim,
478 2742 524 2790 eo
551 2719 589 2788 in
624 2716 760 2814 latere,
793 2715 857 2790 uhi
889 2739 957 2788 ren
990 2743 1098 2815 aegro
1112 2735 1165 2796 tat

214 2835 356 2910 dolores
389 2837 436 2910 ad
465 2839 638 2934 vesicam,
665 2838 712 2912 ad
736 2839 872 2935 inguen
896 2851 1101 2938 testemque
1125 2845 1176 2914 ia-

214 2956 398 3054 culantur,
423 2957 525 3030 testis
550 2982 572 3029 a
598 2971 815 3038 cremastere·
838 2956 886 3030 ad
912 2957 1095 3032 abdomen
1115 2961 1178 3034 ‹le-¹

149 3124 152 3129 -
212 3077 367 3148 trahitur
393 3091 430 3150 et
451 3077 689 3152 circumvolvi
704 3079 744 3150 in
761 3069 881 3152 scroto
906 3077 1072 3176 videtur,
1094 3109 1179 3154 crus

210 3197 433 3294 respondens
457 3212 627 3296 stupore,
660 3201 809 3297 torpore
845 3196 1073 3298 dolenteque'
1096 3227 1180 3300 spa-

212 3339 290 3387 smo
307 3331 352 3388 et
377 3318 541 3392 tensione
565 3339 831 3416 nonnunquam
857 3329 1008 3398 tenetur.
1036 3321 1178 3393 Pariter

502 3597 912 3640 ’ΨΜ

213 3757 253 3816 (r)
272 3753 314 3804 Sic
332 3747 472 3810 Warrrrm
490 3759 529 3812 hia
552 3757 621 3810 vidit
639 3757 668 3807 in
684 3756 791 3827 hepatis
799 3757 938 3824 alucessnr
951 3761 1003 3814 vid.
1017 3781 1052 3815 on
1067 3765 1113 3818 the
1126 3783 1183 3816 uer·

271 3857 335 3892 vous
355 3843 487 3898 tlisorders
507 3864 565 3914 cap.
589 3845 609 3896 1.
627 3841 725 3896 worn
748 3841 860 3912 rplissfl.
876 3865 904 3918 p
923 3847 980 3918 lup.
