2594 4474
987 269 1008 318 a

98 359 209 434 altero
226 358 337 432 latere
351 341 596 434 'resolutorum
613 345 783 436 historias
800 359 893 458 milri
919 268 1062 440 nulluin

97 478 302 580 exemplum
327 481 504 578 occurrit3
530 478 662 554 nullibi
695 482 836 580 reperi,
862 484 964 584 quod
992 509 1063 560 vox

96 599 140 672 ab
165 599 383 699 hemiplegia
399 625 507 674 rauca
525 601 697 698 eraserit,
714 600 865 700 nullibi,
882 603 984 704 quod
1008 607 1063 678 in·

95 735 149 793 ter
173 724 452 820 respirationem
467 721 513 796 ab
531 719 646 822 altero
663 721 776 796 modo
797 721 908 798 latere
934 741 1062 823 pectus

94 854 130 912 et
162 839 349 914 abdomen
376 854 476 914 mota
508 840 655 919 fuerint.
691 839 832 916 Verum
855 840 990 928 ¹tomen
1022 847 1061 918 in

9 1047 12 1052 y
94 959 293 1048 fortissima
318 959 535 1060 lremiplegia
560 985 628 1034 nec
655 959 816 1044 thoracis
831 963 1014 1036 musculos
1042 990 1062 1036 a

93 1079 254 1180 paralysi
287 1093 471 1179 exemptos
504 1066 922 1181 esse„expcr,imentum
954 1082 1063 1161 docet

93 1199 137 1272 ab
164 1202 270 1276 Aere.
290 1201 454 1277 Cooruno
473 1213 510 1274 et
523 1200 716 1304 Ymnonro
742 1203 793 1300 (ι)
819 1205 858 1276 in
889 1227 978 1274 cane
1004 1204 1060 1304 in-

92 1323 280 1394 stitutum:
307 1319 478 1410 viderunt
504 1324 602 1396 enim
629 1321 717 1414 clari
748 1324 836 1422 viri,
866 1307 1061 1424 postquam

92 1440 274 1520 medullae
300 1441 516 1541 oblongatae
541 1457 664 1520 exacte
691 1442 880 1518 dimidiam
897 1443 1060 1518 dextram

91 1577 235 1662 partem
250 1561 492 1662 dimissorem,
510 1563 611 1664 quod
625 1577 807 1640 costarum
824 1563 962 1640 alterna
988 1564 1059 1636 ele-

91 1685 191 1770 vatio
218 1696 256 1757 et
281 1681 464 1782 depressio
490 1685 530 1757 in
555 1683 634 1758 solo
658 1683 769 1756 latere
796 1685 915 1781 fieret,
940 1686 980 1756 in
1005 1709 1058 1756 re·

89 1803 211 1876 soluto
241 1828 356 1902 paene
390 1802 489 1878 nulla
520 1817 630 1902 esset,
660 1829 729 1878 nec
755 1802 872 1891 ullum
898 1804 1057 1878 intereo·

90 1922 239 1994 stallum
278 1921 384 1997 huius
425 1921 546 2020 lateris
589 1922 839 2012 musculorum
874 1924 1058 1997 actionem

90 2027 365 2143 deprehendere
394 2057 603 2143 potuerunt
629 2045 845 2141 Rationem,
882 2069 947 2117 cur
976 2069 1057 2116 mu·

90 2163 181 2237 sculi
208 2164 331 2236 trunci
355 2189 375 2234 a
401 2164 538 2236 cerebri
558 2178 665 2263 atque
687 2162 868 2238 medullae
893 2162 1053 2255 laesione

90 2285 225 2388 minus*
247 2286 448 2383 patiantur,
481 2309 588 2383 supra
620 2281 798 2382 indicavi5
831 2283 1058 2384 similemque

91 2429 257 2501 causam,
275 2405 444 2498 intimum
461 2425 592 2502 nempe
609 2403 712 2492 nervi
734 2399 955 2504 s'ympathici
974 2427 1060 2486 cum

88 2550 184 2624 rago
219 2548 370 2622 nexum,
402 2522 549 2619 subesse
587 2522 763 2621 arbitror,
793 2522 895 2597 unde¹
929 2521 1058 2622 larynx

90 2645 203 2716 etiam
226 2643 347 2748 minus
372 2641 585 2742 plerumque
610 2640 847 2743 hemiplegiae
874 2641 1056 2740 particeps

92 2768 148 2836 sit.

164 2890 191 2974 ς.
224 2909 278 2984 17.
304 2883 631 2983 Ipsiusdetrnsoris
648 2885 776 2974 urinae
798 2879 983 2974 interdum
1010 2877 1058 2956 al-

91 3017 221 3076 terum'
234 3003 346 3077 modo
373 3003 566 3096 dimidium
590 3002 740 3101 resolvi,
765 3001 824 3080 rel
858 3002 975 3098 magis,
1005 2998 1057 3070 al-

92 3121 328 3222 tero-*saltem
361 3121 557 3232 debilitari,
582 3147 625 3213 ex
658 3123 828 3218 erpm
856 3125 914 3213 (α)Ι
936 3118 1056 3224 aliqua

423 3480 729 3506 m

96 3671 134 3733 (r)
150 3669 268 3722 lumem
284 3669 313 3721 in
329 3667 412 3722 Lond.
432 3669 500 3720 med.
519 3667 633 3738 chirurg.
651 3653 776 3736 umeect
795 3665 856 3736 Vol.
873 3666 893 3718 1.
912 3681 938 3717 n.
961 3664 998 3716 16.

98 3761 134 3826 (²)
150 3757 180 3814 t.
199 3776 222 3812 c.
241 3755 297 3812 obs.
319 3757 372 3850 146.
391 3775 417 3827 p.
436 3757 495 3826 686.
784 3751 787 3758 '
