<?xml version="1.0" encoding="UTF-8"?>
<!DOCTYPE html PUBLIC "-//W3C//DTD XHTML 1.0 Transitional//EN"
    "http://www.w3.org/TR/xhtml1/DTD/xhtml1-transitional.dtd">
<html xmlns="http://www.w3.org/1999/xhtml" xml:lang="en" lang="en">
 <head>
  <title>
</title>
<meta http-equiv="Content-Type" content="text/html;charset=utf-8" />
  <meta name='ocr-system' content='tesseract 3.04.00' />
  <meta name='ocr-capabilities' content='ocr_page ocr_carea ocr_par ocr_line ocrx_word'/>
</head>
<body>
  <div class='ocr_page' id='page_1' title='image "./delectusopuscul02frangoog_0151.png"; bbox 0 0 2614 4476; ppageno 0'>
   <div class='ocr_carea' id='block_1_1' title="bbox 126 267 1304 2777">
    <p class='ocr_par' dir='ltr' id='par_1_1' title="bbox 126 267 1304 2777">
     <span class='ocr_line' id='line_1_1' title="bbox 278 267 345 364; baseline 0.015 -21"><span class='ocrx_word' id='word_1_1' title='bbox 278 267 345 364; x_wconf 68' lang='lat'>134</span> 
     </span>
     <span class='ocr_line' id='line_1_2' title="bbox 294 386 1298 490; baseline 0.004 -27"><span class='ocrx_word' id='word_1_2' title='bbox 294 395 345 480; x_wconf 25' lang='lat'>·§.</span> <span class='ocrx_word' id='word_1_3' title='bbox 378 413 438 490; x_wconf 89' lang='lat'>97.</span> <span class='ocrx_word' id='word_1_4' title='bbox 470 389 595 463; x_wconf 89' lang='lat' dir='ltr'>Primo</span> <span class='ocrx_word' id='word_1_5' title='bbox 628 386 711 469; x_wconf 82' lang='lat' dir='ltr'>loco</span> <span class='ocrx_word' id='word_1_6' title='bbox 748 391 912 462; x_wconf 85' lang='lat' dir='ltr'>animum</span> <span class='ocrx_word' id='word_1_7' title='bbox 947 389 1137 464; x_wconf 72' lang='lat' dir='ltr'>eluendum</span> <span class='ocrx_word' id='word_1_8' title='bbox 1173 394 1214 467; x_wconf 93' lang='lat' dir='ltr'>in</span> <span class='ocrx_word' id='word_1_9' title='bbox 1297 390 1298 416; x_wconf 64' lang='lat'>¹</span> 
     </span>
     <span class='ocr_line' id='line_1_3' title="bbox 154 507 1215 610; baseline 0.006 -31"><span class='ocrx_word' id='word_1_10' title='bbox 154 559 157 564; x_wconf 90' lang='lat'>-</span> <span class='ocrx_word' id='word_1_11' title='bbox 246 508 394 607; x_wconf 88' lang='lat' dir='ltr'>pleurae</span> <span class='ocrx_word' id='word_1_12' title='bbox 421 507 613 582; x_wconf 87' lang='lat' dir='ltr'>abnormes</span> <span class='ocrx_word' id='word_1_13' title='bbox 640 509 893 608; x_wconf 77' lang='lat' dir='ltr'>adhaesiones,</span> <span class='ocrx_word' id='word_1_14' title='bbox 919 535 963 584; x_wconf 82' lang='lat' dir='ltr'>ox</span> <span class='ocrx_word' id='word_1_15' title='bbox 992 509 1127 610; x_wconf 90' lang='lat' dir='ltr'>quibus</span> <span class='ocrx_word' id='word_1_16' title='bbox 1156 513 1215 585; x_wconf 91' lang='lat' dir='ltr'>in·</span> 
     </span>
     <span class='ocr_line' id='line_1_4' title="bbox 245 628 1215 730; baseline 0.004 -27"><span class='ocrx_word' id='word_1_17' title='bbox 245 628 530 722; x_wconf 81' lang='lat' dir='ltr'>flammationem</span> <span class='ocrx_word' id='word_1_18' title='bbox 554 629 741 730; x_wconf 85' lang='lat' dir='ltr'>quondum</span> <span class='ocrx_word' id='word_1_19' title='bbox 765 630 921 704; x_wconf 75' lang='lat' dir='ltr'>adfuisse</span> <span class='ocrx_word' id='word_1_20' title='bbox 948 643 1060 704; x_wconf 76' lang='lat' dir='ltr'>cerro</span> <span class='ocrx_word' id='word_1_21' title='bbox 1073 631 1215 707; x_wconf 87' lang='lat' dir='ltr'>iudicio</span> 
     </span>
     <span class='ocr_line' id='line_1_5' title="bbox 248 745 1220 852; baseline 0.001 -28"><span class='ocrx_word' id='word_1_22' title='bbox 248 745 458 848; x_wconf 84' lang='lat' dir='ltr'>colligimus.</span> <span class='ocrx_word' id='word_1_23' title='bbox 483 750 691 825; x_wconf 73' lang='lat' dir='ltr'>Ponrumus</span> <span class='ocrx_word' id='word_1_24' title='bbox 717 751 771 848; x_wconf 86' lang='lat' dir='ltr'>(r)</span> <span class='ocrx_word' id='word_1_25' title='bbox 795 750 964 852; x_wconf 91' lang='lat' dir='ltr'>quidem,</span> <span class='ocrx_word' id='word_1_26' title='bbox 989 753 1065 826; x_wconf 83' lang='lat' dir='ltr'>&#39;nno</span> <span class='ocrx_word' id='word_1_27' title='bbox 1092 755 1136 826; x_wconf 92' lang='lat' dir='ltr'>in</span> <span class='ocrx_word' id='word_1_28' title='bbox 1161 751 1220 825; x_wconf 46' lang='lat' dir='ltr'>la.</span> 
     </span>
     <span class='ocr_line' id='line_1_6' title="bbox 247 870 1217 972; baseline 0.006 -30"><span class='ocrx_word' id='word_1_29' title='bbox 247 883 322 942; x_wconf 86' lang='lat' dir='ltr'>tere</span> <span class='ocrx_word' id='word_1_30' title='bbox 348 870 570 970; x_wconf 83' lang='lat' dir='ltr'>frequentius</span> <span class='ocrx_word' id='word_1_31' title='bbox 596 897 706 972; x_wconf 86' lang='lat' dir='ltr'>quam</span> <span class='ocrx_word' id='word_1_32' title='bbox 731 872 771 943; x_wconf 94' lang='lat' dir='ltr'>in</span> <span class='ocrx_word' id='word_1_33' title='bbox 796 872 928 970; x_wconf 82' lang='lat' dir='ltr'>altero,</span> <span class='ocrx_word' id='word_1_34' title='bbox 953 870 1149 972; x_wconf 82' lang='lat' dir='ltr'>pulmones</span> <span class='ocrx_word' id='word_1_35' title='bbox 1166 875 1217 948; x_wconf 81' lang='lat' dir='ltr'>vi·</span> 
     </span>
     <span class='ocr_line' id='line_1_7' title="bbox 249 976 1217 1091; baseline 0.006 -30"><span class='ocrx_word' id='word_1_36' title='bbox 249 976 340 1062; x_wconf 88' lang='lat' dir='ltr'>cinis</span> <span class='ocrx_word' id='word_1_37' title='bbox 366 990 528 1090; x_wconf 84' lang='lat' dir='ltr'>partibus</span> <span class='ocrx_word' id='word_1_38' title='bbox 545 1005 706 1066; x_wconf 85' lang='lat' dir='ltr'>accretos</span> <span class='ocrx_word' id='word_1_39' title='bbox 721 993 896 1091; x_wconf 79' lang='lat' dir='ltr'>inveniri,</span> <span class='ocrx_word' id='word_1_40' title='bbox 909 997 966 1066; x_wconf 79' lang='lat' dir='ltr'>&#39;ex</span> <span class='ocrx_word' id='word_1_41' title='bbox 990 993 1065 1065; x_wconf 92' lang='lat' dir='ltr'>suis</span> <span class='ocrx_word' id='word_1_42' title='bbox 1093 991 1217 1067; x_wconf 89' lang='lat' dir='ltr'>ohser-</span> 
     </span>
     <span class='ocr_line' id='line_1_8' title="bbox 247 1111 1222 1213; baseline 0.002 -27"><span class='ocrx_word' id='word_1_43' title='bbox 247 1111 454 1186; x_wconf 83' lang='lat' dir='ltr'>vatiouibus</span> <span class='ocrx_word' id='word_1_44' title='bbox 487 1111 662 1186; x_wconf 86' lang='lat' dir='ltr'>affirmare</span> <span class='ocrx_word' id='word_1_45' title='bbox 695 1138 772 1186; x_wconf 90' lang='lat' dir='ltr'>non</span> <span class='ocrx_word' id='word_1_46' title='bbox 803 1112 936 1187; x_wconf 88' lang='lat' dir='ltr'>audet:</span> <span class='ocrx_word' id='word_1_47' title='bbox 967 1113 1138 1187; x_wconf 78' lang='lat' dir='ltr'>&#39;Bosrros</span> <span class='ocrx_word' id='word_1_48' title='bbox 1163 1113 1222 1213; x_wconf 76' lang='lat' dir='ltr'>(a)</span> 
     </span>
     <span class='ocr_line' id='line_1_9' title="bbox 248 1228 1219 1334; baseline 0.001 -27"><span class='ocrx_word' id='word_1_49' title='bbox 248 1247 372 1307; x_wconf 82' lang='lat' dir='ltr'>tumen</span> <span class='ocrx_word' id='word_1_50' title='bbox 404 1233 445 1305; x_wconf 89' lang='lat' dir='ltr'>in</span> <span class='ocrx_word' id='word_1_51' title='bbox 477 1228 642 1331; x_wconf 83' lang='lat' dir='ltr'>plurimis</span> <span class='ocrx_word' id='word_1_52' title='bbox 674 1257 765 1334; x_wconf 88' lang='lat' dir='ltr'>quos</span> <span class='ocrx_word' id='word_1_53' title='bbox 797 1234 994 1332; x_wconf 80' lang='lat' dir='ltr'>aperuerit,</span> <span class='ocrx_word' id='word_1_54' title='bbox 1024 1257 1219 1333; x_wconf 85' lang='lat' dir='ltr'>nunquam</span> 
     </span>
     <span class='ocr_line' id='line_1_10' title="bbox 248 1343 1301 1456; baseline 0.002 -30"><span class='ocrx_word' id='word_1_55' title='bbox 248 1355 434 1450; x_wconf 78' lang='lat' dir='ltr'>sirristrum</span> <span class='ocrx_word' id='word_1_56' title='bbox 472 1350 600 1426; x_wconf 91' lang='lat' dir='ltr'>lobum</span> <span class='ocrx_word' id='word_1_57' title='bbox 634 1352 754 1427; x_wconf 87' lang='lat' dir='ltr'>solum</span> <span class='ocrx_word' id='word_1_58' title='bbox 790 1353 967 1426; x_wconf 79' lang='lat' dir='ltr'>adnutum</span> <span class='ocrx_word' id='word_1_59' title='bbox 1004 1377 1042 1426; x_wconf 87' lang='lat' dir='ltr'>se</span> <span class='ocrx_word' id='word_1_60' title='bbox 1075 1343 1218 1428; x_wconf 77' lang='lat' dir='ltr'>vidisse</span> <span class='ocrx_word' id='word_1_61' title='bbox 1300 1434 1301 1456; x_wconf 14' lang='grc' dir='ltr'>χ</span> 
     </span>
     <span class='ocr_line' id='line_1_11' title="bbox 249 1458 1215 1572; baseline 0 -26"><span class='ocrx_word' id='word_1_62' title='bbox 249 1472 463 1570; x_wconf 81' lang='lat' dir='ltr'>contendit,</span> <span class='ocrx_word' id='word_1_63' title='bbox 501 1473 566 1546; x_wconf 87' lang='lat' dir='ltr'>sed</span> <span class='ocrx_word' id='word_1_64' title='bbox 603 1472 661 1549; x_wconf 88' lang='lat' dir='ltr'>vel</span> <span class='ocrx_word' id='word_1_65' title='bbox 700 1458 894 1572; x_wconf 82' lang='lat' dir='ltr'>utrumque</span> <span class='ocrx_word' id='word_1_66' title='bbox 934 1473 994 1549; x_wconf 84' lang='lat' dir='ltr'>vel</span> <span class='ocrx_word' id='word_1_67' title='bbox 1031 1473 1215 1548; x_wconf 87' lang='lat' dir='ltr'>dextrum.</span> 
     </span>
     <span class='ocr_line' id='line_1_12' title="bbox 227 1587 1302 1708; baseline 0.006 -44"><span class='ocrx_word' id='word_1_68' title='bbox 227 1587 360 1692; x_wconf 85' lang='lat' dir='ltr'>¹Quod</span> <span class='ocrx_word' id='word_1_69' title='bbox 384 1591 473 1692; x_wconf 83' lang='lat' dir='ltr'>quin</span> <span class='ocrx_word' id='word_1_70' title='bbox 505 1595 607 1668; x_wconf 92' lang='lat' dir='ltr'>omni</span> <span class='ocrx_word' id='word_1_71' title='bbox 637 1592 775 1667; x_wconf 86' lang='lat' dir='ltr'>ambitu</span> <span class='ocrx_word' id='word_1_72' title='bbox 807 1619 933 1668; x_wconf 86' lang='lat' dir='ltr'>verum</span> <span class='ocrx_word' id='word_1_73' title='bbox 967 1595 1037 1692; x_wconf 83' lang='lat' dir='ltr'>sit,</span> <span class='ocrx_word' id='word_1_74' title='bbox 1070 1595 1222 1672; x_wconf 81' lang='lat' dir='ltr'>etiamsi</span> <span class='ocrx_word' id='word_1_75' title='bbox 1301 1614 1302 1708; x_wconf 56' lang='lat' dir='ltr'>l</span> 
     </span>
     <span class='ocr_line' id='line_1_13' title="bbox 248 1711 1302 1816; baseline 0.001 -28"><span class='ocrx_word' id='word_1_76' title='bbox 248 1715 469 1814; x_wconf 75' lang='lat' dir='ltr'>experientia</span> <span class='ocrx_word' id='word_1_77' title='bbox 501 1712 747 1806; x_wconf 80' lang='lat' dir='ltr'>contradicat,</span> <span class='ocrx_word' id='word_1_78' title='bbox 778 1714 818 1786; x_wconf 91' lang='lat' dir='ltr'>in</span> <span class='ocrx_word' id='word_1_79' title='bbox 851 1739 895 1787; x_wconf 89' lang='lat' dir='ltr'>eo</span> <span class='ocrx_word' id='word_1_80' title='bbox 929 1729 1077 1813; x_wconf 85' lang='lat' dir='ltr'>tamen,</span> <span class='ocrx_word' id='word_1_81' title='bbox 1116 1715 1219 1816; x_wconf 84' lang='lat' dir='ltr'>quod</span> <span class='ocrx_word' id='word_1_82' title='bbox 1301 1711 1302 1714; x_wconf 44' lang='lat'>&#39;</span> 
     </span>
     <span class='ocr_line' id='line_1_14' title="bbox 249 1833 1303 1938; baseline -0.001 -28"><span class='ocrx_word' id='word_1_83' title='bbox 249 1833 377 1910; x_wconf 85' lang='lat' dir='ltr'>dextro</span> <span class='ocrx_word' id='word_1_84' title='bbox 401 1835 443 1936; x_wconf 89' lang='lat' dir='ltr'>in</span> <span class='ocrx_word' id='word_1_85' title='bbox 465 1833 577 1908; x_wconf 83' lang='lat' dir='ltr'>latere</span> <span class='ocrx_word' id='word_1_86' title='bbox 603 1835 826 1934; x_wconf 79' lang='lat' dir='ltr'>frequentius</span> <span class='ocrx_word' id='word_1_87' title='bbox 842 1833 1063 1933; x_wconf 88' lang='lat' dir='ltr'>pulmonum</span> <span class='ocrx_word' id='word_1_88' title='bbox 1084 1835 1221 1909; x_wconf 83' lang='lat' dir='ltr'>adhae-</span> <span class='ocrx_word' id='word_1_89' title='bbox 1302 1931 1303 1938; x_wconf 7' lang='grc' dir='ltr'>ἵ</span> 
     </span>
     <span class='ocr_line' id='line_1_15' title="bbox 250 1952 1220 2056; baseline -0.002 -26"><span class='ocrx_word' id='word_1_90' title='bbox 250 1958 372 2030; x_wconf 90' lang='lat' dir='ltr'>siones</span> <span class='ocrx_word' id='word_1_91' title='bbox 388 1953 594 2029; x_wconf 83' lang='lat' dir='ltr'>secantibus</span> <span class='ocrx_word' id='word_1_92' title='bbox 619 1954 767 2029; x_wconf 84' lang='lat' dir='ltr'>obviam</span> <span class='ocrx_word' id='word_1_93' title='bbox 790 1952 953 2028; x_wconf 81' lang='lat' dir='ltr'>ferantur</span> <span class='ocrx_word' id='word_1_94' title='bbox 977 1977 1089 2056; x_wconf 84' lang='lat' dir='ltr'>quam</span> <span class='ocrx_word' id='word_1_95' title='bbox 1115 1957 1158 2028; x_wconf 92' lang='lat' dir='ltr'>in</span> <span class='ocrx_word' id='word_1_96' title='bbox 1175 1957 1220 2028; x_wconf 89' lang='lat' dir='ltr'>si·</span> 
     </span>
     <span class='ocr_line' id='line_1_16' title="bbox 249 2073 1221 2173; baseline -0.003 -21"><span class='ocrx_word' id='word_1_97' title='bbox 249 2079 385 2168; x_wconf 82' lang='lat' dir='ltr'>nistro,</span> <span class='ocrx_word' id='word_1_98' title='bbox 402 2081 448 2150; x_wconf 86' lang='lat' dir='ltr'>&#39;re</span> <span class='ocrx_word' id='word_1_99' title='bbox 472 2101 558 2152; x_wconf 79' lang='lat' dir='ltr'>vera</span> <span class='ocrx_word' id='word_1_100' title='bbox 582 2088 680 2150; x_wconf 81' lang='lat' dir='ltr'>recte</span> <span class='ocrx_word' id='word_1_101' title='bbox 704 2075 877 2149; x_wconf 81' lang='lat' dir='ltr'>Borrrurr</span> <span class='ocrx_word' id='word_1_102' title='bbox 895 2073 1045 2173; x_wconf 81' lang='lat' dir='ltr'>vidisse,</span> <span class='ocrx_word' id='word_1_103' title='bbox 1063 2089 1102 2148; x_wconf 85' lang='lat' dir='ltr'>et</span> <span class='ocrx_word' id='word_1_104' title='bbox 1125 2075 1221 2149; x_wconf 79' lang='lat' dir='ltr'>Gan·</span> 
     </span>
     <span class='ocr_line' id='line_1_17' title="bbox 126 2195 1304 2297; baseline 0.003 -26"><span class='ocrx_word' id='word_1_105' title='bbox 126 2225 130 2231; x_wconf 92' lang='lat'><em>·</em></span> <span class='ocrx_word' id='word_1_106' title='bbox 249 2221 367 2273; x_wconf 76' lang='lat' dir='ltr'>urrisu</span> <span class='ocrx_word' id='word_1_107' title='bbox 383 2195 438 2297; x_wconf 87' lang='lat'>(3)</span> <span class='ocrx_word' id='word_1_108' title='bbox 457 2197 759 2272; x_wconf 85' lang='lat' dir='ltr'>numerosissimis</span> <span class='ocrx_word' id='word_1_109' title='bbox 778 2195 996 2270; x_wconf 83' lang='lat' dir='ltr'>cadaverum</span> <span class='ocrx_word' id='word_1_110' title='bbox 1019 2196 1223 2296; x_wconf 77' lang='lat' dir='ltr'>extispioiis</span> <span class='ocrx_word' id='word_1_111' title='bbox 1303 2224 1304 2274; x_wconf 43' lang='grc' dir='ltr'>ἢ</span> 
     </span>
     <span class='ocr_line' id='line_1_18' title="bbox 212 2315 1220 2417; baseline -0.003 -26"><span class='ocrx_word' id='word_1_112' title='bbox 212 2325 217 2331; x_wconf 76' lang='grc'><em>“</em></span> <span class='ocrx_word' id='word_1_113' title='bbox 251 2331 289 2391; x_wconf 86' lang='lat' dir='ltr'>et</span> <span class='ocrx_word' id='word_1_114' title='bbox 312 2318 402 2417; x_wconf 90' lang='lat' dir='ltr'>ipsis</span> <span class='ocrx_word' id='word_1_115' title='bbox 426 2315 634 2393; x_wconf 73' lang='lat' dir='ltr'>Vmsmvus</span> <span class='ocrx_word' id='word_1_116' title='bbox 650 2331 688 2390; x_wconf 85' lang='lat' dir='ltr'>et</span> <span class='ocrx_word' id='word_1_117' title='bbox 704 2317 916 2392; x_wconf 76' lang='lat' dir='ltr'>Mouorornr</span> <span class='ocrx_word' id='word_1_118' title='bbox 933 2315 1220 2390; x_wconf 80' lang='lat' dir='ltr'>dissectionibus</span> 
     </span>
     <span class='ocr_line' id='line_1_19' title="bbox 252 2435 1221 2534; baseline 0.001 -25"><span class='ocrx_word' id='word_1_119' title='bbox 252 2437 497 2510; x_wconf 83' lang='lat' dir='ltr'>confirmatur.</span> <span class='ocrx_word' id='word_1_120' title='bbox 523 2438 622 2530; x_wconf 88' lang='lat' dir='ltr'>Quas</span> <span class='ocrx_word' id='word_1_121' title='bbox 648 2438 746 2511; x_wconf 87' lang='lat' dir='ltr'>enim</span> <span class='ocrx_word' id='word_1_122' title='bbox 770 2440 801 2510; x_wconf 92' lang='lat' dir='ltr'>si</span> <span class='ocrx_word' id='word_1_123' title='bbox 825 2437 866 2510; x_wconf 93' lang='lat' dir='ltr'>in</span> <span class='ocrx_word' id='word_1_124' title='bbox 891 2457 1007 2509; x_wconf 91' lang='lat' dir='ltr'>unum</span> <span class='ocrx_word' id='word_1_125' title='bbox 1030 2435 1221 2534; x_wconf 76' lang='lat' dir='ltr'>¹confero,</span> 
     </span>
     <span class='ocr_line' id='line_1_20' title="bbox 167 2546 1224 2657; baseline -0.006 -21"><span class='ocrx_word' id='word_1_126' title='bbox 167 2630 170 2636; x_wconf 87' lang='lat'><strong>.</strong></span> <span class='ocrx_word' id='word_1_127' title='bbox 252 2555 422 2657; x_wconf 82' lang='lat' dir='ltr'>addoque</span> <span class='ocrx_word' id='word_1_128' title='bbox 459 2555 561 2655; x_wconf 84' lang='lat' dir='ltr'>illas,</span> <span class='ocrx_word' id='word_1_129' title='bbox 597 2582 685 2657; x_wconf 85' lang='lat' dir='ltr'>quas</span> <span class='ocrx_word' id='word_1_130' title='bbox 718 2557 927 2631; x_wconf 71' lang='lat' dir='ltr'>Possumus</span> <span class='ocrx_word' id='word_1_131' title='bbox 951 2546 1016 2654; x_wconf 46' lang='lat'>‘(4)</span> <span class='ocrx_word' id='word_1_132' title='bbox 1050 2569 1089 2629; x_wconf 83' lang='lat' dir='ltr'>et</span> <span class='ocrx_word' id='word_1_133' title='bbox 1122 2557 1224 2630; x_wconf 81' lang='lat' dir='ltr'>Bao·</span> 
     </span>
     <span class='ocr_line' id='line_1_21' title="bbox 167 2665 1224 2777; baseline -0.004 -26"><span class='ocrx_word' id='word_1_134' title='bbox 167 2687 171 2696; x_wconf 84' lang='lat'>&#39;</span> <span class='ocrx_word' id='word_1_135' title='bbox 256 2693 426 2752; x_wconf 70' lang='lat' dir='ltr'>usserius</span> <span class='ocrx_word' id='word_1_136' title='bbox 459 2675 511 2777; x_wconf 88' lang='lat'>(5)</span> <span class='ocrx_word' id='word_1_137' title='bbox 544 2675 686 2777; x_wconf 89' lang='lat' dir='ltr'>publici</span> <span class='ocrx_word' id='word_1_138' title='bbox 715 2677 807 2754; x_wconf 83' lang='lat' dir='ltr'>iuris</span> <span class='ocrx_word' id='word_1_139' title='bbox 836 2665 1029 2773; x_wconf 80' lang='lat' dir='ltr'>lecerunt,</span> <span class='ocrx_word' id='word_1_140' title='bbox 1061 2673 1224 2776; x_wconf 82' lang='lat' dir='ltr'>aliasque</span> 
     </span>
    </p>
   </div>
   <div class='ocr_carea' id='block_1_2' title="bbox 256 3089 1224 3854">
    <p class='ocr_par' dir='ltr' id='par_1_2' title="bbox 256 3089 1224 3255">
     <span class='ocr_line' id='line_1_22' title="bbox 256 3089 1224 3172; baseline -0.003 -21"><span class='ocrx_word' id='word_1_141' title='bbox 256 3101 298 3165; x_wconf 83' lang='grc' dir='ltr'>(ι)</span> <span class='ocrx_word' id='word_1_142' title='bbox 320 3095 359 3150; x_wconf 83' lang='lat' dir='ltr'>Ei.</span> <span class='ocrx_word' id='word_1_143' title='bbox 384 3095 566 3152; x_wconf 77' lang='lat' dir='ltr'>observatione</span> <span class='ocrx_word' id='word_1_144' title='bbox 592 3113 638 3149; x_wconf 80' lang='lat' dir='ltr'>rur</span> <span class='ocrx_word' id='word_1_145' title='bbox 660 3095 687 3148; x_wconf 84' lang='lat' dir='ltr'>la</span> <span class='ocrx_word' id='word_1_146' title='bbox 707 3089 824 3166; x_wconf 72' lang='lat' dir='ltr'>phthisis</span> <span class='ocrx_word' id='word_1_147' title='bbox 847 3096 930 3167; x_wconf 86' lang='lat' dir='ltr'>pulm.</span> <span class='ocrx_word' id='word_1_148' title='bbox 954 3091 1002 3149; x_wconf 86' lang='lat' dir='ltr'>Ed.</span> <span class='ocrx_word' id='word_1_149' title='bbox 1026 3111 1127 3149; x_wconf 78' lang='lat' dir='ltr'>noviss.</span> <span class='ocrx_word' id='word_1_150' title='bbox 1149 3095 1224 3172; x_wconf 26' lang='lat' dir='ltr'>ffioo·</span> 
     </span>
     <span class='ocr_line' id='line_1_23' title="bbox 314 3183 522 3255; baseline -0.005 -18"><span class='ocrx_word' id='word_1_151' title='bbox 314 3183 522 3255; x_wconf 57' lang='lat' dir='ltr'>Istpm.</span> 
     </span>
    </p>

    <p class='ocr_par' dir='ltr' id='par_1_3' title="bbox 256 3273 385 3336">
     <span class='ocr_line' id='line_1_24' title="bbox 256 3273 385 3336; baseline 0 -12"><span class='ocrx_word' id='word_1_152' title='bbox 256 3275 295 3336; x_wconf 80' lang='lat' dir='ltr'>(a)</span> <span class='ocrx_word' id='word_1_153' title='bbox 313 3273 343 3324; x_wconf 82' lang='grc' dir='ltr'>Ι..</span> <span class='ocrx_word' id='word_1_154' title='bbox 361 3291 385 3324; x_wconf 89' lang='lat' dir='ltr'>c.</span> 
     </span>
    </p>

    <p class='ocr_par' dir='ltr' id='par_1_4' title="bbox 257 3354 1220 3586">
     <span class='ocr_line' id='line_1_25' title="bbox 257 3354 1219 3427; baseline -0.006 -15"><span class='ocrx_word' id='word_1_155' title='bbox 257 3360 296 3426; x_wconf 79' lang='lat'>(3)</span> <span class='ocrx_word' id='word_1_156' title='bbox 320 3359 448 3414; x_wconf 66' lang='lat' dir='ltr'>Louerion</span> <span class='ocrx_word' id='word_1_157' title='bbox 471 3357 621 3412; x_wconf 80' lang='lat' dir='ltr'>adversaria</span> <span class='ocrx_word' id='word_1_158' title='bbox 646 3355 719 3418; x_wconf 71' lang='lat' dir='ltr'>med.</span> <span class='ocrx_word' id='word_1_159' title='bbox 734 3361 818 3426; x_wconf 72' lang='lat' dir='ltr'>praet.</span> <span class='ocrx_word' id='word_1_160' title='bbox 835 3355 867 3409; x_wconf 84' lang='lat' dir='ltr'>T.</span> <span class='ocrx_word' id='word_1_161' title='bbox 884 3354 919 3410; x_wconf 91' lang='lat'>11.</span> <span class='ocrx_word' id='word_1_162' title='bbox 936 3373 963 3427; x_wconf 88' lang='lat' dir='ltr'>p.</span> <span class='ocrx_word' id='word_1_163' title='bbox 981 3355 1040 3426; x_wconf 79' lang='lat'><strong>637.</strong></span> <span class='ocrx_word' id='word_1_164' title='bbox 1060 3373 1119 3427; x_wconf 79' lang='lat' dir='ltr'>sqq.</span> <span class='ocrx_word' id='word_1_165' title='bbox 1138 3354 1178 3409; x_wconf 80' lang='lat' dir='ltr'>Cf.</span> <span class='ocrx_word' id='word_1_166' title='bbox 1194 3354 1219 3407; x_wconf 84' lang='lat' dir='ltr'>J.</span> 
     </span>
     <span class='ocr_line' id='line_1_26' title="bbox 314 3443 1220 3516; baseline -0.004 -17"><span class='ocrx_word' id='word_1_167' title='bbox 314 3445 345 3499; x_wconf 82' lang='lat' dir='ltr'>E.</span> <span class='ocrx_word' id='word_1_168' title='bbox 363 3447 481 3500; x_wconf 76' lang='lat' dir='ltr'>Gnsuruu</span> <span class='ocrx_word' id='word_1_169' title='bbox 496 3447 605 3500; x_wconf 71' lang='lat' dir='ltr'>sdmmtl.</span> <span class='ocrx_word' id='word_1_170' title='bbox 623 3445 769 3513; x_wconf 71' lang='lat' dir='ltr'>Sclmflan,</span> <span class='ocrx_word' id='word_1_171' title='bbox 785 3444 934 3516; x_wconf 68' lang='lat' dir='ltr'>lemmgsg.</span> <span class='ocrx_word' id='word_1_172' title='bbox 952 3464 976 3497; x_wconf 84' lang='grc' dir='ltr'><strong>ν.</strong></span> <span class='ocrx_word' id='word_1_173' title='bbox 993 3443 1023 3496; x_wconf 87' lang='lat' dir='ltr'>C.</span> <span class='ocrx_word' id='word_1_174' title='bbox 1040 3443 1086 3498; x_wconf 75' lang='lat' dir='ltr'>W.</span> <span class='ocrx_word' id='word_1_175' title='bbox 1103 3443 1220 3497; x_wconf 77' lang='lat' dir='ltr'>Gmuo</span> 
     </span>
     <span class='ocr_line' id='line_1_27' title="bbox 314 3533 384 3586; baseline 0 0"><span class='ocrx_word' id='word_1_176' title='bbox 314 3535 345 3586; x_wconf 83' lang='lat' dir='ltr'>B.</span> <span class='ocrx_word' id='word_1_177' title='bbox 363 3533 384 3586; x_wconf 93' lang='lat'>1.</span> 
     </span>
    </p>

    <p class='ocr_par' dir='ltr' id='par_1_5' title="bbox 259 3619 573 3686">
     <span class='ocr_line' id='line_1_28' title="bbox 259 3619 573 3686; baseline 0.007 -14"><span class='ocrx_word' id='word_1_178' title='bbox 259 3619 348 3686; x_wconf 62' lang='lat'>&lt;1011</span> <span class='ocrx_word' id='word_1_179' title='bbox 367 3637 391 3673; x_wconf 85' lang='lat' dir='ltr'>e.</span> <span class='ocrx_word' id='word_1_180' title='bbox 408 3620 440 3673; x_wconf 89' lang='lat' dir='ltr'>T.</span> <span class='ocrx_word' id='word_1_181' title='bbox 458 3621 478 3675; x_wconf 86' lang='lat'>1.</span> <span class='ocrx_word' id='word_1_182' title='bbox 496 3629 525 3674; x_wconf 80' lang='lat' dir='ltr'>et</span> <span class='ocrx_word' id='word_1_183' title='bbox 540 3621 573 3675; x_wconf 89' lang='lat'>11.</span> 
     </span>
    </p>

    <p class='ocr_par' dir='ltr' id='par_1_6' title="bbox 268 3703 1217 3854">
     <span class='ocr_line' id='line_1_29' title="bbox 268 3703 1217 3780; baseline -0.002 -20"><span class='ocrx_word' id='word_1_184' title='bbox 268 3709 308 3776; x_wconf 85' lang='grc'>(5)</span> <span class='ocrx_word' id='word_1_185' title='bbox 325 3709 460 3763; x_wconf 77' lang='lat' dir='ltr'>Broumru</span> <span class='ocrx_word' id='word_1_186' title='bbox 481 3709 542 3764; x_wconf 77' lang='lat' dir='ltr'>hist.</span> <span class='ocrx_word' id='word_1_187' title='bbox 569 3709 616 3763; x_wconf 77' lang='lat' dir='ltr'>der</span> <span class='ocrx_word' id='word_1_188' title='bbox 644 3707 817 3780; x_wconf 68' lang='lat' dir='ltr'>phlegmonis·</span> <span class='ocrx_word' id='word_1_189' title='bbox 841 3721 878 3762; x_wconf 86' lang='lat' dir='ltr'>oo</span> <span class='ocrx_word' id='word_1_190' title='bbox 899 3703 1106 3762; x_wconf 71' lang='lat' dir='ltr'>nummariam</span> <span class='ocrx_word' id='word_1_191' title='bbox 1129 3703 1217 3758; x_wconf 69' lang='lat' dir='ltr'>chron</span> 
     </span>
     <span class='ocr_line' id='line_1_30' title="bbox 320 3796 580 3854; baseline 0.008 -4"><span class='ocrx_word' id='word_1_192' title='bbox 320 3796 393 3853; x_wconf 78' lang='lat'><strong>1808.</strong></span> <span class='ocrx_word' id='word_1_193' title='bbox 411 3797 443 3852; x_wconf 86' lang='grc' dir='ltr'><strong>Τ.</strong></span> <span class='ocrx_word' id='word_1_194' title='bbox 461 3800 483 3853; x_wconf 90' lang='lat'>1.</span> <span class='ocrx_word' id='word_1_195' title='bbox 502 3807 530 3854; x_wconf 75' lang='lat' dir='ltr'>et</span> <span class='ocrx_word' id='word_1_196' title='bbox 546 3798 580 3854; x_wconf 91' lang='lat'>11.</span> 
     </span>
    </p>
   </div>
   <div class='ocr_carea' id='block_1_3' title="bbox 0 0 1328 4476">
    <p class='ocr_par' dir='ltr' id='par_1_7' title="bbox 0 0 1328 4476">
     <span class='ocr_line' id='line_1_31' title="bbox 0 0 1328 4476; baseline 0 0"><span class='ocrx_word' id='word_1_197' title='bbox 0 0 1328 4476; x_wconf 95' lang='lat' dir='ltr'> </span> 
     </span>
    </p>
   </div>
  </div>
 </body>
</html>
