2586 4480
961 298 1033 370 213

106 429 303 519 aegrotant,
329 413 535 516 cerebrum,
559 413 704 516 pulmo,
733 414 852 514 testis,
878 417 1059 514 orarium,

105 537 184 612 tulia
208 553 308 638 sunt,
333 541 373 612 in
399 536 530 637 quihus
545 537 700 636 oxygeni
725 534 784 612 vel
809 536 843 608 ei
867 547 905 608 et
920 535 1059 635 hydro·-

101 660 176 754 geui
199 660 410 759 praecipuas
434 669 555 757 partes
580 681 657 730 nou
682 680 781 751 esse,
816 679 884 728 nec
918 631 1056 755 reliquia
1106 733 1111 745 ,

100 774 267 852 elementa
300 776 492 874 recedere,
525 774 590 850 sed
603 761 624 874 ,⁴
649 777 680 848 'si
723 775 875 849 omnino
914 773 1056 873 singula

95 896 335 996 praevaleant,
359 922 401 970 ea
427 921 471 970 ex
496 895 597 970 hisce
617 895 740 996 potius
766 919 861 992 esse,
887 892 1054 994 plurimis

95 1016 288 1095 medemur.
313 1016 446 1109 Quoad
469 1013 661 1116 pulmones
686 1027 830 1086 tantum
856 1039 912 1087 res
930 1003 990 1088 ‘ita
1016 1039 1054 1108 se

95 1133 219 1210 habere
244 1139 365 1210 minus
390 1134 555 1231 videtur,
584 1132 834 1233 perpendente
860 1115 966 1232 vero,
992 1161 1054 1212 ve·

93 1279 216 1330 nosum
239 1270 278 1330 et
303 1279 466 1354 oxygene
490 1277 689 1353 pauperem
713 1279 790 1326 esse
815 1256 1054 1353 sanguinem,

94 1376 151 1472 qui
174 1378 332 1450 maxima
348 1373 523 1475 copia'iis
543 1373 733 1471 afferatur,
756 1373 986 1474 eundemque
1013 1378 1054 1448 in

92 1498 298 1570 arteriosum
314 1496 462 1568 nonnisi
487 1518 531 1567 eo
556 1495 709 1591 mutari,
734 1493 835 1592 quod
862 1494 1052 1570 carbonici

90 1639 167 1714 pars
184 1617 340 1717 oxygeni
366 1615 457 1687 aeris
482 1615 647 1712 inspirati
673 1626 787 1712 nupta
808 1613 989 1712 abigatur,
1013 1641 1052 1688 re

89 1759 167 1808 vera
182 1761 342 1832 congrue
358 1736 408 1806 ita
425 1734 542 1832 accipi
556 1731 911 1831 comprehendimus.
931 1735 1051 1807 Minus

72 1852 212 1928 deinde
238 1855 412 1952 oxygenis
437 1854 635 1926 eminentia
653 1851 847 1926 chronicae
875 1852 973 1926 favet
998 1855 1051 1928 in·

88 1971 342 2070 dammationi,
368 1970 416 2046 ad
440 1995 551 2071 quam
575 1970 695 2068 latus,
722 1969 766 2042 de
792 1995 867 2069 quo
893 1970 1053 2070 dicitur,

85 2095 274 2194 praecipue
289 2090 452 2188 inclinat,
469 2090 533 2164 ssd
549 2104 693 2165 acutam
710 2090 887 2190 imprimis
903 2115 1054 2191 promo:

86 2227 143 2286 vet
165 2214 311 2286 sinistro
337 2211 441 2284 lateri
455 2211 543 2309 „uti
568 2209 734 2308 videtur,
761 2212 882 2309 magis.
901 2236 1049 2312 respon-

84 2331 239 2406 dentem.
278 2331 453 2430 Idemque
494 2328 715 2403 elementum
753 2329 822 2402 hac
864 2332 905 2402 in
942 2346 1055 2432 parte

83 2453 229 2524 minime
262 2449 494 2549 praevalere,
527 2449 765 2524 carbonicum
793 2464 831 2521 et
865 2453 1048 2552 arcticum

82 2571 230 2644 minime
247 2563 412 2669 reprimi,
437 2593 483 2642 ex
508 2593 552 2642 eo
577 2582 763 2670 praeterea
780 2567 919 2668 elucet,
946 2571 1049 2670 quod

81 2691 292 2789 sanguinem
315 2712 493 2763 venosum
510 2679 638 2764 eadem
655 2691 767 2786 magis
785 2687 957 2772 attrahat:
987 2687 1048 2762 de·

80 2824 202 2884 xtrum
226 2809 352 2908 spinae
369 2807 468 2882 dorsi
486 2808 581 2882 latus
606 2807 733 2906 legunt
747 2832 862 2886 venae
879 2821 916 2882 et
936 2831 1046 2882 cavae

79 2943 115 3002 et
139 2953 270 3028 azyga,
295 2927 343 3000 ad
369 2926 553 3002 dexteram
570 2930 727 3001 excurrit
748 2952 840 3000 vena
857 2940 1047 3026 portarum

78 3062 132 3144 et,
161 3046 263 3147 quod
288 3071 374 3146 prae
400 3049 528 3122 ceteris
554 3045 601 3120 ab
619 3046 900 3138 Auruunrrrmo
928 3049 976 3135 (1)
1008 3059 1046 3118 et

78 3164 260 3242 Macareum
286 3167 337 3264 (α)
362 3164 557 3265 probatum
594 3179 650 3240 est
682 3164 850 3246 dextrum
881 3162 1046 3254 foramen

399 3449 714 3474 m

80 3611 121 3669 (r)
156 3603 247 3659 llrra'r
273 3621 299 3658 u.
326 3601 519 3680 Amrrrmru’r
545 3555 642 3654 Arellio
662 3603 694 3669 fi
717 3601 746 3659 d.
771 3601 885 3667 Physiol.
913 3599 944 3654 B.
970 3592 1035 3657 Vll.

79 3784 118 3844 (a)
137 3709 176 3832 ld.
186 3693 326 3832 ¹deditrclrer
343 3776 422 3831 Arolr.
430 3777 462 3844 fi
476 3775 503 3828 d.
521 3775 634 3843 Phyriol.
650 3776 681 3828 B.
699 3776 719 3830 l.
737 3793 763 3847 p.
779 3775 839 3843 450.

205 3887 229 3939 J.
248 3883 450 3940 Frank-Vol.
468 3883 489 3936 1.
846 3883 912 3944 ,μ’
