<?xml version="1.0" encoding="UTF-8"?>
<!DOCTYPE html PUBLIC "-//W3C//DTD XHTML 1.0 Transitional//EN"
    "http://www.w3.org/TR/xhtml1/DTD/xhtml1-transitional.dtd">
<html xmlns="http://www.w3.org/1999/xhtml" xml:lang="en" lang="en">
 <head>
  <title>
</title>
<meta http-equiv="Content-Type" content="text/html;charset=utf-8" />
  <meta name='ocr-system' content='tesseract 3.04.00' />
  <meta name='ocr-capabilities' content='ocr_page ocr_carea ocr_par ocr_line ocrx_word'/>
</head>
<body>
  <div class='ocr_page' id='page_1' title='image "./delectusopuscul02frangoog_0145.png"; bbox 0 0 2614 4476; ppageno 0'>
   <div class='ocr_carea' id='block_1_1' title="bbox 264 240 387 312">
    <p class='ocr_par' dir='ltr' id='par_1_1' title="bbox 264 240 387 312">
     <span class='ocr_line' id='line_1_1' title="bbox 264 240 387 312; baseline 0.033 -4"><span class='ocrx_word' id='word_1_1' title='bbox 264 240 332 312; x_wconf 79' lang='lat'>128</span> <span class='ocrx_word' id='word_1_2' title='bbox 385 259 387 266; x_wconf 81' lang='grc'>’</span> 
     </span>
    </p>
   </div>
   <div class='ocr_carea' id='block_1_2' title="bbox 178 381 1293 2776">
    <p class='ocr_par' dir='ltr' id='par_1_2' title="bbox 178 381 1293 2776">
     <span class='ocr_line' id='line_1_2' title="bbox 231 381 1180 488; baseline 0.011 -36"><span class='ocrx_word' id='word_1_3' title='bbox 231 381 463 455; x_wconf 85' lang='lat' dir='ltr'><strong>occasionem</strong></span> <span class='ocrx_word' id='word_1_4' title='bbox 494 381 669 482; x_wconf 89' lang='lat' dir='ltr'>praebuit.</span> <span class='ocrx_word' id='word_1_5' title='bbox 703 383 853 477; x_wconf 79' lang='lat' dir='ltr'><strong>Quaerit</strong></span> <span class='ocrx_word' id='word_1_6' title='bbox 886 389 936 483; x_wconf 86' lang='lat'>(1)</span> <span class='ocrx_word' id='word_1_7' title='bbox 969 387 1068 488; x_wconf 78' lang='lat' dir='ltr'>ipse,</span> <span class='ocrx_word' id='word_1_8' title='bbox 1099 411 1180 462; x_wconf 90' lang='lat' dir='ltr'>num</span> 
     </span>
     <span class='ocr_line' id='line_1_3' title="bbox 234 497 1184 608; baseline 0.006 -34"><span class='ocrx_word' id='word_1_9' title='bbox 234 497 358 574; x_wconf 86' lang='lat' dir='ltr'>dextra</span> <span class='ocrx_word' id='word_1_10' title='bbox 394 504 531 601; x_wconf 87' lang='lat' dir='ltr'>paroti&#39;s</span> <span class='ocrx_word' id='word_1_11' title='bbox 571 503 815 605; x_wconf 83' lang='lat' dir='ltr'>frequentiore</span> <span class='ocrx_word' id='word_1_12' title='bbox 847 509 886 579; x_wconf 94' lang='lat' dir='ltr'>in</span> <span class='ocrx_word' id='word_1_13' title='bbox 918 506 1014 581; x_wconf 90' lang='lat' dir='ltr'>hanc</span> <span class='ocrx_word' id='word_1_14' title='bbox 1052 521 1184 608; x_wconf 86' lang='lat' dir='ltr'>partem</span> 
     </span>
     <span class='ocr_line' id='line_1_4' title="bbox 234 619 1291 726; baseline 0.006 -32"><span class='ocrx_word' id='word_1_15' title='bbox 234 619 406 696; x_wconf 87' lang='lat' dir='ltr'>decubitu</span> <span class='ocrx_word' id='word_1_16' title='bbox 431 623 495 696; x_wconf 89' lang='lat' dir='ltr'>diu</span> <span class='ocrx_word' id='word_1_17' title='bbox 512 650 718 726; x_wconf 86' lang='lat' dir='ltr'>compressa</span> <span class='ocrx_word' id='word_1_18' title='bbox 735 625 1116 724; x_wconf 83' lang='lat' dir='ltr'>angustiorem&#39;forsan</span> <span class='ocrx_word' id='word_1_19' title='bbox 1131 630 1186 700; x_wconf 85' lang='lat' dir='ltr'>fir·</span> <span class='ocrx_word' id='word_1_20' title='bbox 1290 669 1291 690; x_wconf 53' lang='grc' dir='ltr'>ι</span> 
     </span>
     <span class='ocr_line' id='line_1_5' title="bbox 231 745 1291 846; baseline 0.002 -28"><span class='ocrx_word' id='word_1_21' title='bbox 231 746 459 844; x_wconf 87' lang='lat' dir='ltr'>mioremque</span> <span class='ocrx_word' id='word_1_22' title='bbox 482 757 703 819; x_wconf 81' lang='lat' dir='ltr'>structuram</span> <span class='ocrx_word' id='word_1_23' title='bbox 728 745 965 846; x_wconf 85' lang='lat' dir='ltr'>adipiscatur,</span> <span class='ocrx_word' id='word_1_24' title='bbox 995 750 1045 822; x_wconf 89' lang='lat' dir='ltr'>ita</span> <span class='ocrx_word' id='word_1_25' title='bbox 1063 762 1104 820; x_wconf 90' lang='lat' dir='ltr'>nt</span> <span class='ocrx_word' id='word_1_26' title='bbox 1127 749 1187 820; x_wconf 67' lang='lat' dir='ltr'>ori«</span> <span class='ocrx_word' id='word_1_27' title='bbox 1290 763 1291 802; x_wconf 62' lang='lat' dir='ltr'>t</span> 
     </span>
     <span class='ocr_line' id='line_1_6' title="bbox 178 843 1187 967; baseline 0 -28"><span class='ocrx_word' id='word_1_28' title='bbox 178 875 181 879; x_wconf 82' lang='lat'>&#39;</span> <span class='ocrx_word' id='word_1_29' title='bbox 234 869 327 940; x_wconf 82' lang='lat' dir='ltr'>tione</span> <span class='ocrx_word' id='word_1_30' title='bbox 342 865 533 941; x_wconf 83' lang='lat' dir='ltr'>morbosae</span> <span class='ocrx_word' id='word_1_31' title='bbox 549 843 711 942; x_wconf 77' lang='lat' dir='ltr'>materiei</span> <span class='ocrx_word' id='word_1_32' title='bbox 725 868 920 967; x_wconf 84' lang='lat' dir='ltr'>irruptioni</span> <span class='ocrx_word' id='word_1_33' title='bbox 945 871 1057 966; x_wconf 80' lang='lat' dir='ltr'>magis</span> <span class='ocrx_word' id='word_1_34' title='bbox 1082 868 1187 940; x_wconf 88' lang='lat' dir='ltr'>altera</span> 
     </span>
     <span class='ocr_line' id='line_1_7' title="bbox 232 987 1187 1089; baseline -0.003 -27"><span class='ocrx_word' id='word_1_35' title='bbox 232 991 391 1086; x_wconf 83' lang='lat' dir='ltr'>resistat,</span> <span class='ocrx_word' id='word_1_36' title='bbox 417 1013 465 1060; x_wconf 86' lang='lat' dir='ltr'>an</span> <span class='ocrx_word' id='word_1_37' title='bbox 489 989 611 1088; x_wconf 84' lang='lat' dir='ltr'>potius</span> <span class='ocrx_word' id='word_1_38' title='bbox 640 1013 684 1060; x_wconf 87' lang='lat' dir='ltr'>ex</span> <span class='ocrx_word' id='word_1_39' title='bbox 712 987 955 1072; x_wconf 74' lang='lat' dir='ltr'>retardatione</span> <span class='ocrx_word' id='word_1_40' title='bbox 969 1033 997 1086; x_wconf 78' lang='lat'>,-</span> <span class='ocrx_word' id='word_1_41' title='bbox 1014 1015 1124 1089; x_wconf 73' lang='lat' dir='ltr'>quiam</span> <span class='ocrx_word' id='word_1_42' title='bbox 1147 1014 1187 1060; x_wconf 85' lang='lat' dir='ltr'>ex</span> 
     </span>
     <span class='ocr_line' id='line_1_8' title="bbox 233 1108 1187 1210; baseline -0.005 -25"><span class='ocrx_word' id='word_1_43' title='bbox 233 1135 348 1185; x_wconf 88' lang='lat' dir='ltr'>venae</span> <span class='ocrx_word' id='word_1_44' title='bbox 374 1108 544 1207; x_wconf 81' lang='lat' dir='ltr'>iugularis</span> <span class='ocrx_word' id='word_1_45' title='bbox 568 1109 732 1210; x_wconf 83' lang='lat' dir='ltr'>sinistrae</span> <span class='ocrx_word' id='word_1_46' title='bbox 758 1108 826 1182; x_wconf 91' lang='lat' dir='ltr'>sub</span> <span class='ocrx_word' id='word_1_47' title='bbox 849 1123 950 1182; x_wconf 80' lang='lat' dir='ltr'>recto</span> <span class='ocrx_word' id='word_1_48' title='bbox 968 1110 1044 1183; x_wconf 85' lang='lat' dir='ltr'>fere</span> <span class='ocrx_word' id='word_1_49' title='bbox 1062 1108 1187 1208; x_wconf 85' lang='lat' dir='ltr'>angulo</span> 
     </span>
     <span class='ocr_line' id='line_1_9' title="bbox 229 1229 1187 1327; baseline -0.003 -23"><span class='ocrx_word' id='word_1_50' title='bbox 229 1235 275 1304; x_wconf 86' lang='lat' dir='ltr'>in</span> <span class='ocrx_word' id='word_1_51' title='bbox 300 1230 521 1304; x_wconf 84' lang='lat' dir='ltr'>suboleviam</span> <span class='ocrx_word' id='word_1_52' title='bbox 544 1230 759 1327; x_wconf 83' lang='lat' dir='ltr'>insertione,</span> <span class='ocrx_word' id='word_1_53' title='bbox 784 1229 908 1303; x_wconf 85' lang='lat' dir='ltr'>dextra</span> <span class='ocrx_word' id='word_1_54' title='bbox 925 1230 1037 1303; x_wconf 86' lang='lat' dir='ltr'>serme</span> <span class='ocrx_word' id='word_1_55' title='bbox 1054 1229 1187 1304; x_wconf 81' lang='lat' dir='ltr'>directo</span> 
     </span>
     <span class='ocr_line' id='line_1_10' title="bbox 235 1347 1188 1449; baseline -0.003 -27"><span class='ocrx_word' id='word_1_56' title='bbox 235 1353 274 1424; x_wconf 91' lang='lat' dir='ltr'>in</span> <span class='ocrx_word' id='word_1_57' title='bbox 297 1375 426 1423; x_wconf 80' lang='lat' dir='ltr'>earam</span> <span class='ocrx_word' id='word_1_58' title='bbox 450 1347 644 1446; x_wconf 74' lang='lat' dir='ltr'>influente,</span> <span class='ocrx_word' id='word_1_59' title='bbox 675 1349 863 1448; x_wconf 83' lang='lat' dir='ltr'>sanguise</span> <span class='ocrx_word' id='word_1_60' title='bbox 894 1350 1040 1424; x_wconf 84' lang='lat' dir='ltr'>sinistro</span> <span class='ocrx_word' id='word_1_61' title='bbox 1075 1351 1188 1449; x_wconf 85' lang='lat' dir='ltr'>eapite</span> 
     </span>
     <span class='ocr_line' id='line_1_11' title="bbox 219 1468 1190 1568; baseline -0.003 -24"><span class='ocrx_word' id='word_1_62' title='bbox 219 1469 458 1544; x_wconf 72' lang='lat' dir='ltr'>⁴descendens</span> <span class='ocrx_word' id='word_1_63' title='bbox 498 1469 639 1568; x_wconf 74' lang='lat' dir='ltr'>capiat,</span> <span class='ocrx_word' id='word_1_64' title='bbox 677 1468 900 1568; x_wconf 72' lang='lat' dir='ltr'>frequentior</span> <span class='ocrx_word' id='word_1_65' title='bbox 930 1468 1039 1544; x_wconf 85' lang='lat' dir='ltr'>huius</span> <span class='ocrx_word' id='word_1_66' title='bbox 1071 1468 1190 1542; x_wconf 84' lang='lat' dir='ltr'>lateris</span> 
     </span>
     <span class='ocr_line' id='line_1_12' title="bbox 234 1587 1190 1688; baseline -0.003 -25"><span class='ocrx_word' id='word_1_67' title='bbox 234 1589 427 1688; x_wconf 82' lang='lat' dir='ltr'>glandulae</span> <span class='ocrx_word' id='word_1_68' title='bbox 464 1587 704 1662; x_wconf 87' lang='lat' dir='ltr'>inflammatio</span> <span class='ocrx_word' id='word_1_69' title='bbox 744 1587 958 1665; x_wconf 86' lang='lat' dir='ltr'>deducenda</span> <span class='ocrx_word' id='word_1_70' title='bbox 994 1591 1052 1663; x_wconf 76' lang='lat' dir='ltr'>sit.</span> <span class='ocrx_word' id='word_1_71' title='bbox 1091 1591 1190 1662; x_wconf 83' lang='lat' dir='ltr'>Hans</span> 
     </span>
     <span class='ocr_line' id='line_1_13' title="bbox 230 1709 1293 1809; baseline -0.004 -25"><span class='ocrx_word' id='word_1_72' title='bbox 230 1712 416 1809; x_wconf 86' lang='lat' dir='ltr'>sanguinis</span> <span class='ocrx_word' id='word_1_73' title='bbox 441 1709 722 1784; x_wconf 84' lang='lat' dir='ltr'>retardationem</span> <span class='ocrx_word' id='word_1_74' title='bbox 747 1711 897 1784; x_wconf 87' lang='lat' dir='ltr'>minoris</span> <span class='ocrx_word' id='word_1_75' title='bbox 910 1709 1191 1808; x_wconf 63' lang='lat' dir='ltr'>dig‘nitatisesse</span> <span class='ocrx_word' id='word_1_76' title='bbox 1291 1721 1293 1762; x_wconf 56' lang='grc' dir='ltr'><strong><em>ἓ</em></strong></span> 
     </span>
     <span class='ocr_line' id='line_1_14' title="bbox 234 1829 1191 1930; baseline -0.006 -24"><span class='ocrx_word' id='word_1_77' title='bbox 234 1835 327 1906; x_wconf 87' lang='lat' dir='ltr'>Seot.</span> <span class='ocrx_word' id='word_1_78' title='bbox 351 1831 412 1904; x_wconf 91' lang='grc' dir='ltr'>ΙΠ.</span> <span class='ocrx_word' id='word_1_79' title='bbox 439 1829 660 1930; x_wconf 90' lang='lat' dir='ltr'>probabitur.</span> <span class='ocrx_word' id='word_1_80' title='bbox 689 1829 952 1904; x_wconf 88' lang='lat' dir='ltr'>Consuetudini</span> <span class='ocrx_word' id='word_1_81' title='bbox 977 1843 1103 1902; x_wconf 89' lang='lat' dir='ltr'>autem</span> <span class='ocrx_word' id='word_1_82' title='bbox 1129 1829 1191 1924; x_wconf 78' lang='lat' dir='ltr'>illi,</span> 
     </span>
     <span class='ocr_line' id='line_1_15' title="bbox 224 1949 1191 2058; baseline -0.005 -31"><span class='ocrx_word' id='word_1_83' title='bbox 224 1968 327 2053; x_wconf 68' lang='lat' dir='ltr'>“qnae</span> <span class='ocrx_word' id='word_1_84' title='bbox 351 1973 435 2058; x_wconf 79' lang='lat' dir='ltr'>vere</span> <span class='ocrx_word' id='word_1_85' title='bbox 460 1950 640 2050; x_wconf 85' lang='lat' dir='ltr'>plerisque</span> <span class='ocrx_word' id='word_1_86' title='bbox 666 1963 721 2022; x_wconf 88' lang='lat' dir='ltr'>est</span> <span class='ocrx_word' id='word_1_87' title='bbox 749 1949 976 2047; x_wconf 85' lang='lat' dir='ltr'>hominibus,</span> <span class='ocrx_word' id='word_1_88' title='bbox 1000 1953 1041 2022; x_wconf 89' lang='lat' dir='ltr'>in</span> <span class='ocrx_word' id='word_1_89' title='bbox 1068 1951 1191 2042; x_wconf 86' lang='lat' dir='ltr'>dextro</span> 
     </span>
     <span class='ocr_line' id='line_1_16' title="bbox 229 2071 1192 2171; baseline 0 -27"><span class='ocrx_word' id='word_1_90' title='bbox 229 2075 345 2158; x_wconf 77' lang='lat' dir='ltr'>tatere</span> <span class='ocrx_word' id='word_1_91' title='bbox 371 2071 548 2168; x_wconf 78' lang='lat' dir='ltr'>cubandi,</span> <span class='ocrx_word' id='word_1_92' title='bbox 573 2072 712 2144; x_wconf 87' lang='lat' dir='ltr'>etiarnsi</span> <span class='ocrx_word' id='word_1_93' title='bbox 736 2071 886 2167; x_wconf 84' lang='lat' dir='ltr'>modus,</span> <span class='ocrx_word' id='word_1_94' title='bbox 911 2096 984 2171; x_wconf 88' lang='lat' dir='ltr'>quo</span> <span class='ocrx_word' id='word_1_95' title='bbox 1014 2071 1061 2158; x_wconf 85' lang='lat' dir='ltr'>ad</span> <span class='ocrx_word' id='word_1_96' title='bbox 1090 2091 1192 2170; x_wconf 82' lang='lat' dir='ltr'>expo·</span> 
     </span>
     <span class='ocr_line' id='line_1_17' title="bbox 235 2189 1191 2290; baseline -0.003 -23"><span class='ocrx_word' id='word_1_97' title='bbox 235 2193 394 2268; x_wconf 78' lang='lat' dir='ltr'>nondam</span> <span class='ocrx_word' id='word_1_98' title='bbox 428 2217 530 2264; x_wconf 90' lang='lat' dir='ltr'>suam</span> <span class='ocrx_word' id='word_1_99' title='bbox 569 2190 689 2264; x_wconf 85' lang='lat' dir='ltr'>thesin</span> <span class='ocrx_word' id='word_1_100' title='bbox 726 2189 942 2266; x_wconf 77' lang='lat' dir='ltr'>Moumoon</span> <span class='ocrx_word' id='word_1_101' title='bbox 976 2215 1018 2264; x_wconf 87' lang='lat' dir='ltr'>ea·</span> <span class='ocrx_word' id='word_1_102' title='bbox 1055 2195 1191 2290; x_wconf 78' lang='lat' dir='ltr'>utitur,</span> 
     </span>
     <span class='ocr_line' id='line_1_18' title="bbox 235 2310 1193 2402; baseline -0.003 -16"><span class='ocrx_word' id='word_1_103' title='bbox 235 2315 476 2386; x_wconf 77' lang='lat' dir='ltr'>recentiorum</span> <span class='ocrx_word' id='word_1_104' title='bbox 499 2311 724 2386; x_wconf 86' lang='lat' dir='ltr'>medicorum</span> <span class='ocrx_word' id='word_1_105' title='bbox 749 2312 904 2384; x_wconf 90' lang='lat' dir='ltr'>neminis</span> <span class='ocrx_word' id='word_1_106' title='bbox 929 2310 1052 2402; x_wconf 81' lang='lat' dir='ltr'>ioman</span> <span class='ocrx_word' id='word_1_107' title='bbox 1080 2337 1193 2384; x_wconf 88' lang='lat' dir='ltr'>assen-</span> 
     </span>
     <span class='ocr_line' id='line_1_19' title="bbox 235 2430 1193 2532; baseline 0 -28"><span class='ocrx_word' id='word_1_108' title='bbox 235 2459 315 2506; x_wconf 89' lang='lat' dir='ltr'>sum</span> <span class='ocrx_word' id='word_1_109' title='bbox 341 2433 448 2530; x_wconf 84' lang='lat' dir='ltr'>ferat,</span> <span class='ocrx_word' id='word_1_110' title='bbox 473 2431 711 2506; x_wconf 85' lang='lat' dir='ltr'>sufficientem</span> <span class='ocrx_word' id='word_1_111' title='bbox 735 2431 811 2504; x_wconf 88' lang='lat' dir='ltr'>eins</span> <span class='ocrx_word' id='word_1_112' title='bbox 837 2430 888 2504; x_wconf 89' lang='lat' dir='ltr'>rei</span> <span class='ocrx_word' id='word_1_113' title='bbox 910 2455 1057 2532; x_wconf 84' lang='lat' dir='ltr'>oausam</span> <span class='ocrx_word' id='word_1_114' title='bbox 1079 2433 1193 2528; x_wconf 84' lang='lat' dir='ltr'>inesse</span> 
     </span>
     <span class='ocr_line' id='line_1_20' title="bbox 233 2549 1191 2653; baseline -0.003 -26"><span class='ocrx_word' id='word_1_115' title='bbox 233 2556 384 2653; x_wconf 85' lang='lat' dir='ltr'>quisque</span> <span class='ocrx_word' id='word_1_116' title='bbox 401 2553 620 2648; x_wconf 55' lang='lat' dir='ltr'>consentiae</span> <span class='ocrx_word' id='word_1_117' title='bbox 642 2553 705 2651; x_wconf 91' lang='lat' dir='ltr'>qui</span> <span class='ocrx_word' id='word_1_118' title='bbox 726 2576 771 2640; x_wconf 14' lang='lat' dir='ltr'>ea*</span> <span class='ocrx_word' id='word_1_119' title='bbox 784 2551 966 2624; x_wconf 85' lang='lat' dir='ltr'>sinistram</span> <span class='ocrx_word' id='word_1_120' title='bbox 983 2549 1191 2650; x_wconf 85' lang='lat' dir='ltr'>glandularn</span> 
     </span>
     <span class='ocr_line' id='line_1_21' title="bbox 232 2672 1190 2776; baseline -0.005 -26"><span class='ocrx_word' id='word_1_121' title='bbox 232 2674 493 2773; x_wconf 80' lang='lat' dir='ltr'>refrigerationi</span> <span class='ocrx_word' id='word_1_122' title='bbox 518 2673 631 2771; x_wconf 82' lang='lat' dir='ltr'>magis</span> <span class='ocrx_word' id='word_1_123' title='bbox 657 2672 857 2770; x_wconf 84' lang='lat' dir='ltr'>expositam</span> <span class='ocrx_word' id='word_1_124' title='bbox 875 2696 950 2748; x_wconf 86' lang='lat' dir='ltr'>esse</span> <span class='ocrx_word' id='word_1_125' title='bbox 970 2673 1190 2776; x_wconf 77' lang='lat' dir='ltr'>cogitaverit.</span> 
     </span>
    </p>
   </div>
   <div class='ocr_carea' id='block_1_3' title="bbox 396 2841 926 3107">
    <p class='ocr_par' dir='ltr' id='par_1_3' title="bbox 396 2841 926 3107">
     <span class='ocr_line' id='line_1_22' title="bbox 396 2841 926 2992; baseline -0.004 -28"><span class='ocrx_word' id='word_1_126' title='bbox 396 2841 399 2848; x_wconf 63' lang='grc'><strong>’</strong></span> <span class='ocrx_word' id='word_1_127' title='bbox 505 2890 761 2992; x_wconf 75' lang='lat' dir='ltr'>cuens</span> <span class='ocrx_word' id='word_1_128' title='bbox 823 2845 926 2992; x_wconf 64' lang='lat' dir='ltr'>tn</span> 
     </span>
     <span class='ocr_line' id='line_1_23' title="bbox 542 3030 887 3107; baseline -0.009 -1"><span class='ocrx_word' id='word_1_129' title='bbox 542 3030 665 3106; x_wconf 79' lang='lat' dir='ltr'>Morbi</span> <span class='ocrx_word' id='word_1_130' title='bbox 688 3032 887 3107; x_wconf 82' lang='lat' dir='ltr'>oculorum.</span> 
     </span>
    </p>
   </div>
   <div class='ocr_carea' id='block_1_4' title="bbox 145 3241 1192 3482">
    <p class='ocr_par' dir='ltr' id='par_1_4' title="bbox 145 3241 1192 3482">
     <span class='ocr_line' id='line_1_24' title="bbox 308 3241 1192 3351; baseline 0.002 -25"><span class='ocrx_word' id='word_1_131' title='bbox 308 3261 335 3346; x_wconf 83' lang='lat'>§.</span> <span class='ocrx_word' id='word_1_132' title='bbox 360 3253 419 3351; x_wconf 86' lang='lat'>93.</span> <span class='ocrx_word' id='word_1_133' title='bbox 438 3241 705 3326; x_wconf 42' lang='lat' dir='ltr'>&#39;Isaurmnruus</span> <span class='ocrx_word' id='word_1_134' title='bbox 736 3255 782 3346; x_wconf 80' lang='lat' dir='ltr'>(a)</span> <span class='ocrx_word' id='word_1_135' title='bbox 808 3265 1006 3351; x_wconf 83' lang='lat' dir='ltr'>asseverat,</span> <span class='ocrx_word' id='word_1_136' title='bbox 1040 3280 1080 3328; x_wconf 85' lang='lat' dir='ltr'>se</span> <span class='ocrx_word' id='word_1_137' title='bbox 1107 3257 1192 3328; x_wconf 89' lang='lat' dir='ltr'>sini-</span> 
     </span>
     <span class='ocr_line' id='line_1_25' title="bbox 145 3372 1191 3482; baseline 0.002 -36"><span class='ocrx_word' id='word_1_138' title='bbox 145 3407 147 3414; x_wconf 87' lang='lat'><em>·</em></span> <span class='ocrx_word' id='word_1_139' title='bbox 235 3388 349 3447; x_wconf 87' lang='lat' dir='ltr'>strum</span> <span class='ocrx_word' id='word_1_140' title='bbox 384 3372 532 3448; x_wconf 86' lang='lat' dir='ltr'>oculum</span> <span class='ocrx_word' id='word_1_141' title='bbox 571 3373 712 3474; x_wconf 83' lang='lat' dir='ltr'>saepius</span> <span class='ocrx_word' id='word_1_142' title='bbox 751 3373 792 3456; x_wconf 89' lang='lat' dir='ltr'>in</span> <span class='ocrx_word' id='word_1_143' title='bbox 832 3373 1041 3452; x_wconf 83' lang='lat' dir='ltr'>universum</span> <span class='ocrx_word' id='word_1_144' title='bbox 1078 3402 1191 3482; x_wconf 69' lang='lat' dir='ltr'>fluam</span> 
     </span>
    </p>
   </div>
   <div class='ocr_carea' id='block_1_5' title="bbox 188 3685 478 3826">
    <p class='ocr_par' dir='ltr' id='par_1_5' title="bbox 188 3685 478 3826">
     <span class='ocr_line' id='line_1_26' title="bbox 188 3685 478 3759; baseline 0.014 -20"><span class='ocrx_word' id='word_1_145' title='bbox 188 3685 478 3759; x_wconf 63' lang='lat' dir='ltr'>&#39;mbopn&#39;</span> 
     </span>
     <span class='ocr_line' id='line_1_27' title="bbox 238 3755 467 3826; baseline 0 -16"><span class='ocrx_word' id='word_1_146' title='bbox 238 3759 278 3822; x_wconf 67' lang='grc' dir='ltr'>(α)</span> <span class='ocrx_word' id='word_1_147' title='bbox 293 3755 323 3810; x_wconf 74' lang='lat' dir='ltr'>la.</span> <span class='ocrx_word' id='word_1_148' title='bbox 342 3773 364 3808; x_wconf 77' lang='lat' dir='ltr'>e.</span> <span class='ocrx_word' id='word_1_149' title='bbox 382 3775 408 3826; x_wconf 88' lang='lat' dir='ltr'>p.</span> <span class='ocrx_word' id='word_1_150' title='bbox 431 3775 467 3826; x_wconf 73' lang='lat'>¹7·</span> 
     </span>
    </p>
   </div>
   <div class='ocr_carea' id='block_1_6' title="bbox 0 0 1328 4476">
    <p class='ocr_par' dir='ltr' id='par_1_6' title="bbox 0 0 1328 4476">
     <span class='ocr_line' id='line_1_28' title="bbox 0 0 1328 4476; baseline 0 0"><span class='ocrx_word' id='word_1_151' title='bbox 0 0 1328 4476; x_wconf 95' lang='lat' dir='ltr'> </span> 
     </span>
    </p>
   </div>
  </div>
 </body>
</html>
