2586 4480
270 307 345 400 aid

238 425 400 525 iugulare
437 409 477 498 in
518 422 625 523 longe
662 421 844 524 plen'sque
882 424 1015 498 craniis
1056 426 1190 500 sinistro

237 547 354 622 maius
381 545 673 642 observantibus,
689 547 730 618 in
744 544 914 620 dextrum
939 547 1060 618 sinum
1085 549 1190 619 transss

235 693 381 744 versum
406 665 619 766 plerumque
650 663 773 737 inlluit
798 665 898 738 sinus
931 664 1042 739 durae
1074 667 1192 738 matris

235 785 517 888 longitudinalis.
544 825 595 843 --
619 783 833 884 Epluribus
850 784 1035 858 videretur
1060 784 1191 881 forsan,

110 960 117 964 -
237 909 473 983 carbonieum
499 931 598 1002 esse,
630 905 731 1004 quod
755 908 949 1006 praecipue
979 903 1067 978 huic
1099 902 1194 977 lateri

236 1027 463 1130 respondeat.
490 1025 602 1116 Quod
627 1037 748 1098 autem
772 1024 826 1098 ibi
851 1027 972 1098 minus
997 1043 1084 1100 vere
1103 1049 1195 1124 prae·

236 1151 356 1225 valere
394 1149 522 1222 cetens
554 1145 768 1242 elementis,
799 1145 864 1218 sed
892 1147 1068 1245 oxygenis
1092 1147 1196 1243 magis

235 1271 439 1346 recedentis
456 1279 621 1365 respecta
638 1277 781 1338 tantum
793 1267 952 1338 eminere
966 1265 1098 1360 credo}
1111 1264 1194 1336 haec

235 1395 335 1466 enim
360 1391 433 1464 duo
460 1387 638 1462 elementa
669 1396 775 1482 sunt,
806 1409 984 1484 quorum,
1026 1400 1195 1485 tanquam

237 1511 478 1590 contractioni
503 1520 541 1580 et
565 1505 739 1586 soliditati
768 1505 1057 1605 praesidentium
1071 1541 1090 1604 ,Α
1116 1505 1195 1580 dum

234 1631 459 1730 alteraipsis
485 1627 742 1723 obscurentur,
758 1626 906 1722 vestigia
924 1624 1136 1699 distinctius
1151 1649 1197 1698 se·

235 1757 298 1857 qui
330 1752 428 1826 licet.
453 1748 597 1844 Insigne
631 1744 799 1818 dextrum
833 1743 1030 1818 dimidium
1066 1767 1195 1845 corpus

234 1903 280 1950 eo
304 1871 483 1973 imprimis
508 1892 584 1940 esse
609 1865 773 1962 videtur,
803 1863 904 1964 quod
938 1863 1197 1938 elementorum

235 2007 392 2098 quatuor
427 2013 503 2064 non
528 1983 667 2085 singula
695 1984 823 2058 ceteris
849 1981 957 2056 facile
981 1983 1198 2084 praecellant

235 2133 281 2194 et
296 2130 472 2214 tanquam
496 2118 763 2180 auctocratores
793 2129 831 2177 se
864 2101 1056 2178 evehentia
1092 2105 1199 2178 cuivis
1281 2129 1282 2181 4

223 2235 416 2340 producto
441 2255 504 2304 sua
529 2227 678 2324 vestigia
693 2225 923 2324 imprimant,
950 2223 1014 2296 sed
1034 2225 1197 2297 omnium

235 2353 432 2431 antitheses
457 2348 599 2452 polares
624 2357 843 2444 mutuaeque
869 2342 1061 2417 allinitates
1084 2343 1196 2445 perse·

127 2511 134 2528 ·
235 2478 329 2552 etius
362 2472 580 2571 conspirent.
615 2466 729 2538 Cuius
757 2465 810 2536 rei
850 2475 940 2536 teste
972 2467 1197 2563 vegetatione

173 2583 177 2592 ¹
234 2594 414 2696 imprimis
439 2589 578 2688 gaudeo
603 2582 900 2683 maionenergie
916 2583 970 2656 ibi
987 2575 1197 2684 conspicua,

235 2739 327 2818 quae
354 2712 496 2811 saepius
524 2709 577 2782 ibi
609 2707 763 2779 modum
792 2703 970 2777 excedens
1003 2703 1198 2802 superfluas

232 2855 420 2934 novasque
446 2843 566 2929 partes
591 2825 779 2926 producit,
805 2825 919 2897 anius
945 2837 1043 2896 retro
1068 2826 1196 2922 iustam

209 2933 435 3030 'efficaciam
460 2949 688 3046 relinquitur.
740 3003 746 3012 .
783 3035 785 3040 Α
1061 2963 1063 2966 ·

308 3077 334 3165 §.
368 3071 447 3146 150.
473 3068 539 3141 Est
554 3063 715 3166 proclive
733 3065 931 3162 conficere,
954 3065 995 3136 in
1019 3063 1132 3138 latete
1157 3067 1196 3134 si·

234 3197 351 3270 nistro
375 3189 590 3263 relationem
614 3187 728 3284 magis
752 3183 941 3281 excellere,
968 3199 1059 3284 qude
1086 3207 1194 3284 aquae
1280 3163 1281 3170 ἵ

236 3315 326 3388 duas
344 3313 494 3406 formas,
512 3329 691 3406 oxygenes
709 3319 747 3377 et
768 3301 1016 3404 hydrogenes,
1041 3304 1194 3378 interce·

236 3434 307 3532 dit,
334 3429 546 3528 faciliusque
564 3449 605 3498 ae
623 3427 661 3497 in
679 3422 805 3498 dextro
823 3437 979 3520 ceteras,
1005 3446 1098 3523 quae
1125 3447 1195 3496 om·

222 3553 343 3628 nibus
359 3549 522 3652 corporis
539 3542 705 3618 animalis
717 3541 903 3616 elementis
921 3541 968 3614 ad
985 3567 1022 3614 se
1040 3543 1194 3615 invicem

235 3699 312 3746 esse
347 3670 499 3765 debent,
532 3678 736 3766 praestare,
770 3675 878 3762 atque
908 3660 1000 3734 hino
1032 3662 1196 3754 evenire,

236 3790 338 3890 quod
352 3788 489 3862 ibidem
506 3789 545 3874 in
561 3783 794 3884 vegetationis
812 3781 951 3857 ambitu
966 3780 1194 3856 carbonicum
