2614 4476
222 253 293 349 104

192 375 354 452 colorem
377 370 581 448 retinuerit:
598 369 695 444 intra
712 364 988 470 ‹pratuordeeim
1003 365 1080 444 dies
1096 391 1153 443 va·
1277 407 1278 412 =

191 493 319 570 letudo
335 493 431 568 senis
450 491 603 568 omnino
620 491 786 566 restituta
806 503 871 563 est.
889 490 1092 564 turonus
1108 494 1156 584 (ι)
1264 529 1279 540 ·=

185 613 344 713 deinde,
369 630 578 713 praegresso
603 611 644 684 in
669 609 796 686 dextro
813 609 925 684 latere
940 603 1069 686 dolore
1084 635 1157 710 gru·

191 736 333 832 sativo,
353 732 485 808 satiem
510 730 558 804 ad
583 743 708 830 guttur
723 755 837 832 usque
854 729 979 828 viridi,
998 729 1161 806 dextram

192 855 357 954 corporis
377 855 549 952 ‘partem-⁴
563 865 661 949 atro,
692 852 878 924 sinistram
909 848 1006 926 ssavo
1039 850 1160 926 colore

190 972 374 1070 imbutam
390 979 436 1046 'se
461 971 669 1046 observasse
701 971 828 1070 refert,
861 969 1003 1072 aliquot
1031 969 1161 1044 diebus

196 1093 326 1194 elapsis
351 1092 457 1167 faciei
480 1090 664 1190 viridem,·
678 1089 804 1164 dextri·
818 1090 942 1166 lateris
967 1083 1164 1168 atrum‘co

195 1213 313 1290 lorem
336 1215 378 1286 in
392 1193 628 1288 'teredinem
660 1212 861 1311 transiisse,
891 1209 1037 1288 laevum
1071 1212 1165 1288 latus
1253 1235 1287 1306 ,ς

198 1347 321 1406 autem
345 1346 466 1406 atrum
495 1329 686 1433 paullatim
717 1333 885 1430 evasisse,
916 1346 1000 1432 post
1035 1335 1166 1432 vigesi-
1287 1384 1288 1415 t

198 1475 302 1544 mum
334 1449 431 1524 diem
462 1476 574 1524 unam
606 1452 718 1526 totius
749 1451 911 1550 corporis
944 1449 1167 1526 flavedinem

160 1660 163 1666 μ
192 1571 329 1668 tuisse,
354 1571 559 1672 sensimque
585 1597 667 1646 eam
691 1571 897 1646 evanuisse.¹
915 1569 1081 1644 Tertiam
1107 1572 1170 1647 ob

201 1691 462 1792 servationem,
487 1715 640 1791 eamque
666 1689 808 1765 duobus
840 1689 942 1762 hisee
971 1715 1058 1763 sane
1089 1718 1169 1790 gra-

170 1811 355 1910 semrom,
377 1809 613 1886 Coouunrrro
631 1816 680 1904 (a)
698 1799 881 1884 debemus.
899 1810 1019 1900 Quem
1035 1823 1171 1913 nempe
1291 1795 1292 1818 ¹

194 1931 260 2012 ,vir
286 1929 487 2030 consuluit,
515 1932 618 2005 cuius
635 1931 804 2008 dextrum
819 1931 982 2030 corporis
998 1929 1113 2032 latus,
1130 1936 1173 2006 si·

201 2051 315 2124 nistra
352 2063 454 2150 parte
476 2051 640 2124 omnino
672 2074 740 2151 pro
774 2062 903 2122 natura
936 2048 1117 2150 habente,
1153 2078 1172 2125 a

88 2213 92 2224 ·
197 2170 324 2259 ⁸fronte
350 2169 398 2242 ad
422 2168 560 2244 calcem
585 2193 700 2270 usque
725 2182 801 2244 tam
833 2182 994 2245 saturato
1028 2171 1177 2270 colore,

186 2301 248 2362 ·.ut
258 2288 339 2362 'sere
355 2288 457 2386 niger
471 2287 655 2362 videretur
661 2343 672 2386 ‚
689 2277 922 2387 inquinatum
944 2288 1175 2390 pustulisque

203 2408 328 2507 parvis
352 2404 458 2482 valde
482 2406 692 2482 dolentibus
716 2406 904 2482 obsessum
929 2423 1023 2506 erat,
1049 2436 1176 2486 recur-

210 2540 314 2600 rente
338 2540 523 2628 praeterea
548 2553 616 2628 per
639 2529 738 2604 vices
761 2531 971 2628 per‘totnm
988 2527 1062 2604 hoe
1080 2529 1178 2605 latus

211 2648 355 2747 pruritu
380 2648 442 2722 vix
466 2647 636 2756 ferendo,
661 2649 819 2748 pectoris
835 2635 1046 2748 praesertim
1063 2664 1102 2724 et
1117 2650 1181 2724 ab·

213 2764 371 2840 dominis
396 2766 541 2840 dextrae
570 2769 666 2867 parti
699 2793 810 2869 quam
841 2769 997 2843 maxime
1029 2761 1178 2846 infesto.

213 2884 369 2960 Causam
389 2887 469 2970 ‚eius
495 2887 644 2962 affectus
669 2897 774 2987 aeger
792 2893 819 2960 'a
842 2887 988 2962 'diutino
1008 2913 1182 2964 moerore
1259 2902 1266 2917 ‘

186 3015 197 3034 ²
209 3007 382 3110 gravique
406 3005 461 3078 ira
485 3005 675 3108 repetebat
699 3023 825 3108 atque,
851 3005 938 3081 alias
965 3009 1094 3108 etiam,
1121 3035 1180 3084 re·

205 3123 309 3222 tulit,
335 3124 381 3198 ab
397 3127 472 3199 irae
488 3125 683 3200 insultibus
706 3119 876 3202 'dextrum
900 3126 995 3200 latus
1019 3152 1113 3228 prae·
1135 3131 1181 3202 si·

210 3244 326 3319 nistro
344 3244 459 3343 ,lunge
474 3246 664 3323 intensiori
685 3245 863 3324 [lavedine
884 3249 1041 3341 tinetum
1056 3242 1182 3322 fuisse.

222 3640 316 3704 (r)1b.
335 3639 410 3695 Ceut
429 3641 464 3694 V.
482 3651 510 3697 et
526 3642 573 3696 Vl.
592 3640 649 3694 obs.
666 3640 707 3707 4¹·
725 3657 751 3710 p.
768 3641 810 3696 61.

224 3735 263 3794 (a)
280 3727 374 3782 Journ.
393 3728 426 3783 de
443 3729 512 3800 me'd,
533 3729 564 3784 Τ.
583 3729 625 3783 85·
647 3744 719 3800 ¹79⁰·
737 3744 763 3798 p.
782 3729 824 3797 44.
851 3761 858 3776 .
