2614 4476
263 228 312 329 74

180 437 184 441 ,
234 343 430 422 nervorum
455 337 660 440 optinorum
687 335 847 416 chissma
863 339 1116 440 originemque
1141 365 1197 416 eo-

170 461 172 466 Χ
234 493 316 542 rum
343 461 630 536 decussationem
656 457 858 532 intercedat
870 514 881 558 ,
913 485 990 534 non
1015 463 1196 560 patefece·
1284 505 1285 562 l

233 599 322 662 runt
345 583 533 680 hocusque
550 581 736 653 institutae
754 578 1033 670 obscurationes.
1051 611 1104 640 -···-
1122 583 1198 656 Sin·
1284 611 1285 622 ¹

233 705 331 806 gulas
358 702 484 802 capitis
510 714 654 798 partes,
676 698 869 772 oculorum
894 698 1078 776 musculos
1106 727 1140 776 v.
1166 729 1197 801 g.
1284 739 1285 796 3

160 871 164 880 x
232 825 428 924 oculosque
453 822 551 922 ipsos
577 819 761 894 interdum
787 843 863 894 non
888 820 1018 894 eodem
1043 823 1084 898 in
1110 821 1198 898 late·

228 974 287 1046 re,
315 969 387 1046 quo
413 942 591 1042 reliquum
620 954 784 1042 caputet
802 966 955 1042 corpus,
980 941 1045 1015 sed
1069 945 1111 1015 in
1136 967 1198 1044 op·

231 1069 350 1171 posito
377 1063 488 1162 affici,
509 1062 595 1136 huic
613 1060 758 1135 subesse
777 1061 1018 1161 utplurimum
1035 1062 1196 1162 videtur,

232 1186 332 1288 quod
357 1184 505 1284 singulis
531 1209 590 1255 eas
607 1181 905 1282 eggredientibus
922 1184 1043 1258 nervis
1060 1184 1198 1258 cerebri

189 1373 192 1380 .
231 1310 360 1382 vitium
372 1315 376 1322 ’
386 1307 556 1406 proxime
571 1303 740 1377 adiacens
758 1329 820 1376 eos
837 1303 944 1376 simul
961 1303 1125 1378 affecerit
1139 1310 1194 1398 (sl

209 1523 211 1530 s
304 1433 330 1516 §.
358 1425 417 1519 54
445 1428 500 1500 Ex
525 1450 568 1498 eo
593 1450 698 1522 vero,
720 1424 821 1524 quod
838 1423 1023 1496 interdum
1040 1449 1120 1499 non
1138 1449 1196 1525 op.

229 1549 410 1648 positum,
438 1545 502 1620 sed
526 1546 625 1618 idem
649 1545 741 1648 illud
766 1545 878 1644 lctus,
904 1546 945 1617 in
970 1551 1044 1645 quo
1069 1548 1112 1618 in
1138 1571 1196 1620 ce·

125 1731 130 1738 .
230 1667 336 1742 rebro
362 1668 492 1740 vitium
524 1665 669 1763 haeret,
705 1665 859 1738 efficitur
890 1663 950 1741 vel
986 1664 1118 1739 solum'
1140 1663 1196 1740 vel

172 1861 174 1868 ,
229 1815 316 1888 prae
343 1788 455 1862 altero
482 1788 641 1886 gravius,
666 1811 743 1860 non
768 1786 986 1859 decussatim
1011 1786 1134 1860 solum
1159 1789 1196 1861 fi·

228 1909 311 1982 bras
336 1907 552 1982 medullares
585 1907 655 1980 sibi
686 1907 866 2008 implicari
898 1907 1102 2006 discimus,
1134 1908 1196 1982 sed

229 2033 357 2104 intime
382 2031 491 2102 etiam
508 2031 737 2128 permisceri,
762 2028 854 2102 odeo
880 2041 931 2100 ut.
947 2028 1034 2102 bino
1062 2053 1107 2102 ex
1134 2027 1194 2101 du*

231 2149 317 2250 plici
342 2150 565 2250 percipiente
599 2175 710 2224 nervo
743 2148 895 2248 simplex
928 2150 1086 2222 sensatio
1120 2151 1195 2224 lieri

142 2347 143 2351 ,
231 2293 375 2368 unaque
401 2270 521 2342 anima
555 2269 692 2370 duplici
726 2294 880 2342 nervoso
914 2271 1106 2368 systemati
1139 2297 1194 2344 su·

230 2389 418 2490 persedere
451 2391 564 2490 possit
597 2395 654 2482 (τι),
686 2391 821 2464 Mirum
854 2403 929 2487 est,
966 2389 1068 2488 quod
1101 2391 1194 2464 inter

567 2635 851 2656 ..n-nnn*

235 2755 273 2813 (r)
297 2747 416 2808 tverrrn.
435 2749 496 2802 hist.
515 2751 645 2821 apoplect.
664 2765 689 2816 p.
709 2747 765 2816 394.
784 2746 823 2800 ef.
842 2749 875 2802 ei.
893 2750 977 2802 effect.
999 2767 1056 2822 cop.
1075 2739 1131 2802 obs.
1150 2767 1188 2816 7⁰·

289 2854 314 2906 p.
327 2837 385 2904 δεμ
397 2835 514 2888 chnosr
527 2837 553 2890 in
564 2836 648 2890 Lond.
660 2834 727 2886 med.
741 2835 854 2904 chirurg.
866 2845 991 2890 transact.
1005 2837 1065 2900 Vol.
1077 2837 1100 2890 l.
1112 2855 1138 2888 n.
1153 2837 1189 2889 ιδ.

233 2927 271 2987 (2)
294 2923 349 2974 Etsi
369 2924 455 2974 minus
478 2922 512 2976 ad
536 2939 594 2976 rens
614 2924 765 2993 pertineat,
787 2923 987 2977 memorandum
1010 2933 1099 2978 tamon
1122 2927 1189 2978 duco

289 3011 316 3061 in
335 3011 472 3079 permultis
490 3011 540 3064 illis
553 3012 755 3082 experimentis,
774 3027 842 3081 quae
859 3012 1049 3080 Monmmrcs,
1065 3011 1189 3078 Perisse,

290 3097 404 3165 ersros,
422 3099 568 3167 llmnrccs,
586 3101 771 3166 Ansrurrsos,
788 3098 921 3172 Coorrnre
929 3101 1028 3170 aliique
1040 3101 1068 3152 in
1081 3101 1189 3158 canibus

288 3193 412 3254 egerunt,
431 3200 567 3258 nunquam
585 3187 717 3257 paralysin
733 3179 829 3239 eodem
846 3188 874 3240 in
887 3187 969 3240 latere
981 3188 1191 3257 animadversam

288 3271 383 3341 fuisse,
401 3289 454 3344 quo
472 3270 610 3327 cerebrum
627 3275 728 3326 laesum
744 3292 837 3345 parcre
849 3276 905 3328 eius
916 3275 1003 3330 ablata
1012 3284 1090 3348 esset.
1109 3275 1189 3346 Quod

289 3357 397 3430 quidem
420 3361 539 3414 ostendit
560 3362 647 3414 forsan
669 3364 697 3414 in
718 3363 825 3416 homine
847 3365 927 3434 magis
943 3360 1043 3418 ¹intime
1059 3351 1189 3430 ,coniungi

288 3447 391 3518 sibique
409 3449 549 3510 immisceri
567 3451 676 3504 librillas
696 3452 835 3523 utriusque
853 3452 958 3506 cerebri
974 3453 1057 3523 pertis
1074 3460 1108 3520 et
1130 3469 1189 3505 uer·

232 3529 237 3536 ”
289 3538 540 3608 vorumfutriusque
563 3537 653 3590 latoris
677 3528 804 3608 origines,
822 3540 982 3608 inanimali,
1000 3549 1083 3612 prout
1100 3539 1133 3592 sd
1150 3541 1187 3590 in·

286 3620 407 3676 letiorem
425 3625 580 3695 dignitatem
597 3625 755 3697 descendat,
771 3629 915 3682 staminum
926 3617 1114 3682 medullarium
1127 3627 1186 3680 sim·

287 3710 386 3777 plicem·
399 3715 479 3782 magis
498 3713 556 3765 fierl
575 3713 799 3787 decussationcm,
814 3718 890 3771 sicuti
902 3718 928 3769 in
941 3717 1082 3768 chiasmotc
1093 3727 1185 3770 nervos
