<?xml version="1.0" encoding="UTF-8"?>
<!DOCTYPE html PUBLIC "-//W3C//DTD XHTML 1.0 Transitional//EN"
    "http://www.w3.org/TR/xhtml1/DTD/xhtml1-transitional.dtd">
<html xmlns="http://www.w3.org/1999/xhtml" xml:lang="en" lang="en">
 <head>
  <title>
</title>
<meta http-equiv="Content-Type" content="text/html;charset=utf-8" />
  <meta name='ocr-system' content='tesseract 3.04.00' />
  <meta name='ocr-capabilities' content='ocr_page ocr_carea ocr_par ocr_line ocrx_word'/>
</head>
<body>
  <div class='ocr_page' id='page_1' title='image "./delectusopuscul02frangoog_0257.png"; bbox 0 0 2586 4480; ppageno 0'>
   <div class='ocr_carea' id='block_1_1' title="bbox 235 281 1275 3763">
    <p class='ocr_par' dir='ltr' id='par_1_1' title="bbox 235 281 1275 3763">
     <span class='ocr_line' id='line_1_1' title="bbox 275 281 348 375; baseline 0.027 -19"><span class='ocrx_word' id='word_1_1' title='bbox 275 281 348 375; x_wconf 75' lang='lat' dir='ltr'><strong>ado</strong></span> 
     </span>
     <span class='ocr_line' id='line_1_2' title="bbox 246 397 1215 509; baseline 0.007 -33"><span class='ocrx_word' id='word_1_2' title='bbox 246 405 347 478; x_wconf 84' lang='lat' dir='ltr'>febre</span> <span class='ocrx_word' id='word_1_3' title='bbox 380 403 574 503; x_wconf 67' lang='lat' dir='ltr'><strong>campitas</strong></span> <span class='ocrx_word' id='word_1_4' title='bbox 586 421 607 500; x_wconf 84' lang='lat'><strong>,·</strong></span> <span class='ocrx_word' id='word_1_5' title='bbox 632 403 735 502; x_wconf 81' lang='lat' dir='ltr'><strong>quod</strong></span> <span class='ocrx_word' id='word_1_6' title='bbox 769 397 917 502; x_wconf 76' lang='lat' dir='ltr'><strong>ingens</strong></span> <span class='ocrx_word' id='word_1_7' title='bbox 959 417 1054 478; x_wconf 82' lang='lat' dir='ltr'><strong>tum.</strong></span> <span class='ocrx_word' id='word_1_8' title='bbox 1080 403 1215 509; x_wconf 85' lang='lat' dir='ltr'><strong>culpae</strong></span> 
     </span>
     <span class='ocr_line' id='line_1_3' title="bbox 244 519 1272 624; baseline 0.007 -28"><span class='ocrx_word' id='word_1_9' title='bbox 244 522 423 596; x_wconf 76' lang='lat' dir='ltr'><strong>tributim</strong></span> <span class='ocrx_word' id='word_1_10' title='bbox 448 537 519 622; x_wconf 85' lang='lat' dir='ltr'><strong>est,</strong></span> <span class='ocrx_word' id='word_1_11' title='bbox 552 523 612 596; x_wconf 87' lang='lat' dir='ltr'><strong>oui</strong></span> <span class='ocrx_word' id='word_1_12' title='bbox 646 523 788 624; x_wconf 81' lang='lat' dir='ltr'><strong>saepius</strong></span> <span class='ocrx_word' id='word_1_13' title='bbox 818 519 985 599; x_wconf 67' lang='lat' dir='ltr'><strong>inanum</strong></span> <span class='ocrx_word' id='word_1_14' title='bbox 1000 539 1038 597; x_wconf 92' lang='lat' dir='ltr'><strong>et</strong></span> <span class='ocrx_word' id='word_1_15' title='bbox 1073 532 1212 602; x_wconf 87' lang='lat' dir='ltr'><strong>monita</strong></span> <span class='ocrx_word' id='word_1_16' title='bbox 1271 539 1272 602; x_wconf 86' lang='lat' dir='ltr'><strong>l</strong></span> 
     </span>
     <span class='ocr_line' id='line_1_4' title="bbox 244 641 1272 778; baseline 0.007 -60"><span class='ocrx_word' id='word_1_17' title='bbox 244 641 428 743; x_wconf 83' lang='lat' dir='ltr'><strong>negligens</strong></span> <span class='ocrx_word' id='word_1_18' title='bbox 452 669 491 717; x_wconf 89' lang='lat' dir='ltr'><strong>se</strong></span> <span class='ocrx_word' id='word_1_19' title='bbox 515 641 707 718; x_wconf 85' lang='lat' dir='ltr'><strong>obtulerat</strong></span> <span class='ocrx_word' id='word_1_20' title='bbox 732 643 910 720; x_wconf 76' lang='lat' dir='ltr'><strong>Postridie</strong></span> <span class='ocrx_word' id='word_1_21' title='bbox 935 669 1043 718; x_wconf 86' lang='lat' dir='ltr'><strong>mane</strong></span> <span class='ocrx_word' id='word_1_22' title='bbox 1068 646 1216 724; x_wconf 70' lang='lat' dir='ltr'><strong>dolorm</strong></span> <span class='ocrx_word' id='word_1_23' title='bbox 1271 697 1272 778; x_wconf 68' lang='lat' dir='ltr'><strong>l</strong></span> 
     </span>
     <span class='ocr_line' id='line_1_5' title="bbox 244 761 1215 867; baseline 0.003 -27"><span class='ocrx_word' id='word_1_24' title='bbox 244 781 419 841; x_wconf 81' lang='lat' dir='ltr'><strong>strumam</strong></span> <span class='ocrx_word' id='word_1_25' title='bbox 443 764 658 840; x_wconf 79' lang='lat' dir='ltr'><strong>invadentes</strong></span> <span class='ocrx_word' id='word_1_26' title='bbox 683 761 915 866; x_wconf 73' lang='lat' dir='ltr'><strong>querebatur:</strong></span> <span class='ocrx_word' id='word_1_27' title='bbox 945 766 1077 867; x_wconf 88' lang='lat' dir='ltr'><strong>Itaque</strong></span> <span class='ocrx_word' id='word_1_28' title='bbox 1100 769 1215 843; x_wconf 85' lang='lat' dir='ltr'><strong>rubo-</strong></span> 
     </span>
     <span class='ocr_line' id='line_1_6' title="bbox 245 883 1218 988; baseline 0 -26"><span class='ocrx_word' id='word_1_29' title='bbox 245 890 382 987; x_wconf 77' lang='lat' dir='ltr'><strong>tantia,</strong></span> <span class='ocrx_word' id='word_1_30' title='bbox 406 885 538 988; x_wconf 89' lang='lat' dir='ltr'><strong>quibus</strong></span> <span class='ocrx_word' id='word_1_31' title='bbox 570 885 738 962; x_wconf 87' lang='lat' dir='ltr'><strong>debilitas</strong></span> <span class='ocrx_word' id='word_1_32' title='bbox 763 912 785 960; x_wconf 96' lang='lat' dir='ltr'><strong>a</strong></span> <span class='ocrx_word' id='word_1_33' title='bbox 810 883 920 962; x_wconf 70' lang='lat' dir='ltr'><strong>febre</strong></span> <span class='ocrx_word' id='word_1_34' title='bbox 935 887 1059 962; x_wconf 88' lang='lat' dir='ltr'><strong>relicta</strong></span> <span class='ocrx_word' id='word_1_35' title='bbox 1090 889 1218 966; x_wconf 88' lang='lat' dir='ltr'><strong>debel-</strong></span> 
     </span>
     <span class='ocr_line' id='line_1_7' title="bbox 242 1005 1216 1110; baseline 0.006 -30"><span class='ocrx_word' id='word_1_36' title='bbox 242 1007 404 1106; x_wconf 87' lang='lat' dir='ltr'><strong>labatur,</strong></span> <span class='ocrx_word' id='word_1_37' title='bbox 441 1007 565 1082; x_wconf 87' lang='lat' dir='ltr'><strong>statim</strong></span> <span class='ocrx_word' id='word_1_38' title='bbox 602 1005 762 1109; x_wconf 83' lang='lat' dir='ltr'><strong>reposita</strong></span> <span class='ocrx_word' id='word_1_39' title='bbox 795 1023 904 1106; x_wconf 83' lang='lat' dir='ltr'><strong>sunt,</strong></span> <span class='ocrx_word' id='word_1_40' title='bbox 943 1011 1091 1110; x_wconf 81' lang='lat' dir='ltr'><strong>spiritus</strong></span> <span class='ocrx_word' id='word_1_41' title='bbox 1123 1037 1216 1087; x_wconf 78' lang='lat' dir='ltr'><strong>vero</strong></span> 
     </span>
     <span class='ocr_line' id='line_1_8' title="bbox 245 1127 1218 1232; baseline 0.005 -28"><span class='ocrx_word' id='word_1_42' title='bbox 245 1129 442 1204; x_wconf 80' lang='lat' dir='ltr'><strong>Minderesi</strong></span> <span class='ocrx_word' id='word_1_43' title='bbox 471 1153 556 1203; x_wconf 83' lang='lat' dir='ltr'><strong>eum</strong></span> <span class='ocrx_word' id='word_1_44' title='bbox 579 1127 699 1208; x_wconf 86' lang='lat' dir='ltr'><strong>diaeta</strong></span> <span class='ocrx_word' id='word_1_45' title='bbox 724 1128 772 1204; x_wconf 89' lang='lat' dir='ltr'><strong>ad</strong></span> <span class='ocrx_word' id='word_1_46' title='bbox 800 1127 1034 1231; x_wconf 76' lang='lat' dir='ltr'><strong>diaphoresis</strong></span> <span class='ocrx_word' id='word_1_47' title='bbox 1064 1157 1218 1232; x_wconf 81' lang='lat' dir='ltr'><strong>promo·</strong></span> 
     </span>
     <span class='ocr_line' id='line_1_9' title="bbox 241 1248 1214 1327; baseline 0.002 -1"><span class='ocrx_word' id='word_1_48' title='bbox 241 1249 400 1326; x_wconf 74' lang='lat' dir='ltr'><strong>vendam</strong></span> <span class='ocrx_word' id='word_1_49' title='bbox 424 1248 557 1324; x_wconf 90' lang='lat' dir='ltr'><strong>idonea</strong></span> <span class='ocrx_word' id='word_1_50' title='bbox 581 1249 622 1322; x_wconf 88' lang='lat' dir='ltr'><strong>in</strong></span> <span class='ocrx_word' id='word_1_51' title='bbox 646 1273 754 1324; x_wconf 83' lang='lat' dir='ltr'><strong>usum</strong></span> <span class='ocrx_word' id='word_1_52' title='bbox 770 1265 922 1325; x_wconf 82' lang='lat' dir='ltr'><strong>vocatus</strong></span> <span class='ocrx_word' id='word_1_53' title='bbox 944 1249 1007 1324; x_wconf 84' lang='lat' dir='ltr'><strong>est</strong></span> <span class='ocrx_word' id='word_1_54' title='bbox 1023 1250 1109 1324; x_wconf 87' lang='lat' dir='ltr'><strong>-Suh</strong></span> <span class='ocrx_word' id='word_1_55' title='bbox 1136 1278 1214 1327; x_wconf 88' lang='lat' dir='ltr'><strong>me·</strong></span> 
     </span>
     <span class='ocr_line' id='line_1_10' title="bbox 243 1368 1213 1474; baseline 0.003 -30"><span class='ocrx_word' id='word_1_56' title='bbox 243 1369 375 1444; x_wconf 87' lang='lat' dir='ltr'><strong>n‘diem</strong></span> <span class='ocrx_word' id='word_1_57' title='bbox 399 1384 522 1444; x_wconf 78' lang='lat' dir='ltr'><strong>namur</strong></span> <span class='ocrx_word' id='word_1_58' title='bbox 536 1368 815 1471; x_wconf 83' lang='lat' dir='ltr'><strong>erysipelatosus</strong></span> <span class='ocrx_word' id='word_1_59' title='bbox 830 1395 940 1472; x_wconf 73' lang='lat' dir='ltr'><strong>supet</strong></span> <span class='ocrx_word' id='word_1_60' title='bbox 956 1385 1134 1446; x_wconf 80' lang='lat' dir='ltr'><strong>strumam</strong></span> <span class='ocrx_word' id='word_1_61' title='bbox 1147 1400 1213 1474; x_wconf 86' lang='lat' dir='ltr'><strong>ap·</strong></span> 
     </span>
     <span class='ocr_line' id='line_1_11' title="bbox 239 1489 1210 1594; baseline 0.002 -30"><span class='ocrx_word' id='word_1_62' title='bbox 239 1490 408 1592; x_wconf 85' lang='lat' dir='ltr'><strong>parebat;</strong></span> <span class='ocrx_word' id='word_1_63' title='bbox 432 1489 542 1592; x_wconf 87' lang='lat' dir='ltr'><strong>paulu</strong></span> <span class='ocrx_word' id='word_1_64' title='bbox 567 1500 652 1592; x_wconf 86' lang='lat' dir='ltr'><strong>pust</strong></span> <span class='ocrx_word' id='word_1_65' title='bbox 675 1515 764 1566; x_wconf 63' lang='lat' dir='ltr'><strong>veto*</strong></span> <span class='ocrx_word' id='word_1_66' title='bbox 784 1491 911 1566; x_wconf 76' lang='lat' dir='ltr'><strong>tumui</strong></span> <span class='ocrx_word' id='word_1_67' title='bbox 927 1505 978 1566; x_wconf 48' lang='lat' dir='ltr'><strong>*et*</strong></span> <span class='ocrx_word' id='word_1_68' title='bbox 998 1491 1106 1567; x_wconf 85' lang='lat' dir='ltr'><strong>dolor</strong></span> <span class='ocrx_word' id='word_1_69' title='bbox 1137 1501 1210 1594; x_wconf 88' lang='lat' dir='ltr'><strong>jam</strong></span> 
     </span>
     <span class='ocr_line' id='line_1_12' title="bbox 241 1609 1207 1712; baseline 0.004 -27"><span class='ocrx_word' id='word_1_70' title='bbox 241 1609 450 1712; x_wconf 86' lang='lat' dir='ltr'><strong>glandulam</strong></span> <span class='ocrx_word' id='word_1_71' title='bbox 464 1624 579 1686; x_wconf 89' lang='lat' dir='ltr'><strong>totam</strong></span> <span class='ocrx_word' id='word_1_72' title='bbox 591 1613 730 1686; x_wconf 77' lang='lat' dir='ltr'><strong>antima</strong></span> <span class='ocrx_word' id='word_1_73' title='bbox 743 1609 915 1688; x_wconf 73' lang='lat' dir='ltr'><strong>effecum·</strong></span> <span class='ocrx_word' id='word_1_74' title='bbox 922 1625 1207 1712; x_wconf 75' lang='lat' dir='ltr'><strong>occupaverunt,</strong></span> 
     </span>
     <span class='ocr_line' id='line_1_13' title="bbox 239 1727 1206 1836; baseline -0.003 -28"><span class='ocrx_word' id='word_1_75' title='bbox 239 1727 419 1836; x_wconf 88' lang='lat' dir='ltr'><strong>simulque</strong></span> <span class='ocrx_word' id='word_1_76' title='bbox 445 1732 555 1808; x_wconf 85' lang='lat' dir='ltr'><strong>febris</strong></span> <span class='ocrx_word' id='word_1_77' title='bbox 580 1732 775 1805; x_wconf 84' lang='lat' dir='ltr'><strong>nueta&#39;est.</strong></span> <span class='ocrx_word' id='word_1_78' title='bbox 801 1732 870 1804; x_wconf 89' lang='lat' dir='ltr'><strong>Die</strong></span> <span class='ocrx_word' id='word_1_79' title='bbox 891 1734 1058 1831; x_wconf 74' lang='lat' dir='ltr'><strong>sequenti</strong></span> <span class='ocrx_word' id='word_1_80' title='bbox 1084 1748 1206 1808; x_wconf 88' lang='lat' dir='ltr'><strong>tumor</strong></span> 
     </span>
     <span class='ocr_line' id='line_1_14' title="bbox 239 1847 1274 1953; baseline -0.005 -24"><span class='ocrx_word' id='word_1_81' title='bbox 239 1858 291 1929; x_wconf 88' lang='lat' dir='ltr'><strong>ita</strong></span> <span class='ocrx_word' id='word_1_82' title='bbox 316 1868 494 1952; x_wconf 78' lang='lat' dir='ltr'><strong>creverat,</strong></span> <span class='ocrx_word' id='word_1_83' title='bbox 524 1867 566 1927; x_wconf 92' lang='grc' dir='ltr'><strong>ιιι</strong></span> <span class='ocrx_word' id='word_1_84' title='bbox 580 1853 666 1928; x_wconf 83' lang='lat' dir='ltr'><strong>&#39;fere</strong></span> <span class='ocrx_word' id='word_1_85' title='bbox 698 1851 1004 1953; x_wconf 70' lang='lat' dir='ltr'><strong>suplementum</strong></span> <span class='ocrx_word' id='word_1_86' title='bbox 1038 1869 1199 1928; x_wconf 80' lang='lat' dir='ltr'><strong>exstaret.</strong></span> <span class='ocrx_word' id='word_1_87' title='bbox 1273 1847 1274 1866; x_wconf 60' lang='lat'>¹</span> 
     </span>
     <span class='ocr_line' id='line_1_15' title="bbox 238 1971 1203 2074; baseline 0.001 -27"><span class='ocrx_word' id='word_1_88' title='bbox 238 1973 521 2073; x_wconf 85' lang='lat' dir='ltr'><strong>Deglutitiunem</strong></span> <span class='ocrx_word' id='word_1_89' title='bbox 534 1973 684 2074; x_wconf 77' lang='lat' dir='ltr'><strong>quidem</strong></span> <span class='ocrx_word' id='word_1_90' title='bbox 694 1971 934 2074; x_wconf 77' lang='lat' dir='ltr'><strong>impediebat</strong></span> <span class='ocrx_word' id='word_1_91' title='bbox 951 1976 1101 2074; x_wconf 86' lang='lat' dir='ltr'><strong>spiritus</strong></span> <span class='ocrx_word' id='word_1_92' title='bbox 1121 2000 1203 2048; x_wconf 84' lang='lat' dir='ltr'><strong>vero</strong></span> 
     </span>
     <span class='ocr_line' id='line_1_16' title="bbox 239 2091 1205 2194; baseline 0 -26"><span class='ocrx_word' id='word_1_93' title='bbox 239 2091 514 2169; x_wconf 86' lang='lat' dir='ltr'><strong>difficultatem</strong></span> <span class='ocrx_word' id='word_1_94' title='bbox 504 2096 684 2194; x_wconf 84' lang='lat' dir='ltr'><strong>1nsignem</strong></span> <span class='ocrx_word' id='word_1_95' title='bbox 698 2119 775 2174; x_wconf 88' lang='lat' dir='ltr'><strong>non</strong></span> <span class='ocrx_word' id='word_1_96' title='bbox 792 2093 981 2166; x_wconf 80' lang='lat' dir='ltr'><strong>inserebat.</strong></span> <span class='ocrx_word' id='word_1_97' title='bbox 996 2093 1205 2168; x_wconf 84' lang='lat' dir='ltr'><strong>Praemissis</strong></span> 
     </span>
     <span class='ocr_line' id='line_1_17' title="bbox 239 2195 1202 2317; baseline -0.003 -27"><span class='ocrx_word' id='word_1_98' title='bbox 239 2215 533 2316; x_wconf 78' lang='lat' dir='ltr'><strong>refrigerantibus</strong></span> <span class='ocrx_word' id='word_1_99' title='bbox 550 2213 893 2317; x_wconf 85' lang='lat' dir='ltr'><strong>antiphlogistiuis</strong></span> <span class='ocrx_word' id='word_1_100' title='bbox 868 2195 1067 2290; x_wconf 74' lang='lat' dir='ltr'><strong>mercutius</strong></span> <span class='ocrx_word' id='word_1_101' title='bbox 1085 2215 1202 2290; x_wconf 87' lang='lat' dir='ltr'><strong>duleis</strong></span> 
     </span>
     <span class='ocr_line' id='line_1_18' title="bbox 238 2333 1203 2437; baseline -0.004 -25"><span class='ocrx_word' id='word_1_102' title='bbox 238 2339 409 2437; x_wconf 82' lang='lat' dir='ltr'><strong>dabatur,</strong></span> <span class='ocrx_word' id='word_1_103' title='bbox 425 2337 625 2412; x_wconf 86' lang='lat' dir='ltr'><strong>hirudines</strong></span> <span class='ocrx_word' id='word_1_104' title='bbox 631 2335 832 2411; x_wconf 80' lang='lat' dir='ltr'><strong>identidem</strong></span> <span class='ocrx_word' id='word_1_105' title='bbox 848 2333 985 2410; x_wconf 81' lang='grc' dir='ltr'><strong>ιιιιιιιιιι</strong></span> <span class='ocrx_word' id='word_1_106' title='bbox 1001 2339 1203 2436; x_wconf 81' lang='lat' dir='ltr'><strong>appositae,</strong></span> 
     </span>
     <span class='ocr_line' id='line_1_19' title="bbox 239 2456 1275 2559; baseline -0.005 -28"><span class='ocrx_word' id='word_1_107' title='bbox 239 2474 276 2532; x_wconf 86' lang='lat' dir='ltr'><strong>et</strong></span> <span class='ocrx_word' id='word_1_108' title='bbox 302 2459 558 2559; x_wconf 88' lang='lat' dir='ltr'><strong>cataplasmata</strong></span> <span class='ocrx_word' id='word_1_109' title='bbox 572 2456 772 2534; x_wconf 85' lang='lat' dir='ltr'><strong>mollientia</strong></span> <span class='ocrx_word' id='word_1_110' title='bbox 790 2481 899 2556; x_wconf 86' lang='lat' dir='ltr'><strong>super</strong></span> <span class='ocrx_word' id='word_1_111' title='bbox 915 2458 1082 2557; x_wconf 87' lang='lat' dir='ltr'><strong>imposita</strong></span> <span class='ocrx_word' id='word_1_112' title='bbox 1099 2469 1203 2551; x_wconf 82' lang='lat' dir='ltr'><strong>sunt,</strong></span> <span class='ocrx_word' id='word_1_113' title='bbox 1274 2507 1275 2534; x_wconf 45' lang='grc' dir='ltr'><strong>ι</strong></span> 
     </span>
     <span class='ocr_line' id='line_1_20' title="bbox 239 2575 1275 2686; baseline -0.001 -34"><span class='ocrx_word' id='word_1_114' title='bbox 239 2587 332 2681; x_wconf 86' lang='lat' dir='ltr'><strong>quae</strong></span> <span class='ocrx_word' id='word_1_115' title='bbox 358 2594 482 2652; x_wconf 88' lang='lat' dir='ltr'><strong>tamen</strong></span> <span class='ocrx_word' id='word_1_116' title='bbox 507 2577 669 2654; x_wconf 78' lang='lat' dir='ltr'><strong>remedia</strong></span> <span class='ocrx_word' id='word_1_117' title='bbox 690 2577 738 2652; x_wconf 87' lang='lat' dir='ltr'><strong>ad</strong></span> <span class='ocrx_word' id='word_1_118' title='bbox 765 2575 952 2650; x_wconf 82' lang='lat' dir='ltr'><strong>morbum·</strong></span> <span class='ocrx_word' id='word_1_119' title='bbox 950 2577 1202 2674; x_wconf 85' lang='lat' dir='ltr'><strong>mitigandum</strong></span> <span class='ocrx_word' id='word_1_120' title='bbox 1274 2623 1275 2686; x_wconf 55' lang='lat'><strong>3</strong></span> 
     </span>
     <span class='ocr_line' id='line_1_21' title="bbox 238 2691 1275 2810; baseline 0.004 -38"><span class='ocrx_word' id='word_1_121' title='bbox 238 2727 369 2802; x_wconf 84' lang='lat' dir='ltr'><strong>parum</strong></span> <span class='ocrx_word' id='word_1_122' title='bbox 393 2699 584 2797; x_wconf 82' lang='lat' dir='ltr'><strong>valebant,</strong></span> <span class='ocrx_word' id='word_1_123' title='bbox 614 2701 666 2772; x_wconf 86' lang='lat' dir='ltr'><strong>ita</strong></span> <span class='ocrx_word' id='word_1_124' title='bbox 698 2712 740 2772; x_wconf 85' lang='lat' dir='ltr'><strong>ut</strong></span> <span class='ocrx_word' id='word_1_125' title='bbox 771 2711 922 2797; x_wconf 77' lang='lat' dir='ltr'><strong>aegnota</strong></span> <span class='ocrx_word' id='word_1_126' title='bbox 946 2696 1135 2810; x_wconf 76' lang='lat' dir='ltr'><strong>dulon&#39;bus</strong></span> <span class='ocrx_word' id='word_1_127' title='bbox 1169 2719 1204 2776; x_wconf 89' lang='lat' dir='ltr'><strong>et</strong></span> <span class='ocrx_word' id='word_1_128' title='bbox 1274 2691 1275 2750; x_wconf 57' lang='lat'>3</span> 
     </span>
     <span class='ocr_line' id='line_1_22' title="bbox 238 2805 1223 2926; baseline 0.003 -33"><span class='ocrx_word' id='word_1_129' title='bbox 238 2820 338 2894; x_wconf 83' lang='lat' dir='ltr'><strong>febre</strong></span> <span class='ocrx_word' id='word_1_130' title='bbox 364 2822 529 2926; x_wconf 81' lang='lat' dir='ltr'><strong>graviter</strong></span> <span class='ocrx_word' id='word_1_131' title='bbox 542 2833 670 2893; x_wconf 85' lang='lat' dir='ltr'><strong>vexata</strong></span> <span class='ocrx_word' id='word_1_132' title='bbox 694 2841 866 2894; x_wconf 88' lang='lat' dir='ltr'><strong>somnum</strong></span> <span class='ocrx_word' id='word_1_133' title='bbox 883 2805 1010 2918; x_wconf 79' lang='lat' dir='ltr'><strong>capere</strong></span> <span class='ocrx_word' id='word_1_134' title='bbox 1028 2843 1107 2894; x_wconf 90' lang='lat' dir='ltr'><strong>non</strong></span> <span class='ocrx_word' id='word_1_135' title='bbox 1123 2848 1223 2920; x_wconf 74' lang='lat' dir='ltr'><strong>pos.</strong></span> 
     </span>
     <span class='ocr_line' id='line_1_23' title="bbox 237 2937 1260 3015; baseline -0.002 -3"><span class='ocrx_word' id='word_1_136' title='bbox 237 2955 302 3015; x_wconf 90' lang='lat' dir='ltr'><strong>set.</strong></span> <span class='ocrx_word' id='word_1_137' title='bbox 333 2940 506 3014; x_wconf 80' lang='lat' dir='ltr'><strong>Attamen</strong></span> <span class='ocrx_word' id='word_1_138' title='bbox 538 2938 598 3012; x_wconf 84' lang='lat' dir='ltr'><strong>die</strong></span> <span class='ocrx_word' id='word_1_139' title='bbox 632 2937 852 3014; x_wconf 83' lang='lat' dir='ltr'><strong>duodecimo</strong></span> <span class='ocrx_word' id='word_1_140' title='bbox 886 2938 1049 3012; x_wconf 75' lang='lat' dir='ltr'><strong>ianuarii</strong></span> <span class='ocrx_word' id='word_1_141' title='bbox 1085 2954 1199 3011; x_wconf 83' lang='lat' dir='ltr'><strong>tumor</strong></span> <span class='ocrx_word' id='word_1_142' title='bbox 1257 2985 1260 2990; x_wconf 90' lang='lat'><em>·</em></span> 
     </span>
     <span class='ocr_line' id='line_1_24' title="bbox 236 3058 1197 3162; baseline 0.002 -30"><span class='ocrx_word' id='word_1_143' title='bbox 236 3059 427 3161; x_wconf 85' lang='lat' dir='ltr'><strong>paululum</strong></span> <span class='ocrx_word' id='word_1_144' title='bbox 451 3058 653 3134; x_wconf 83' lang='lat' dir='ltr'><strong>fluctuabat</strong></span> <span class='ocrx_word' id='word_1_145' title='bbox 658 3060 879 3162; x_wconf 80' lang='lat' dir='ltr'><strong>,sequentis</strong></span> <span class='ocrx_word' id='word_1_146' title='bbox 903 3083 990 3134; x_wconf 76' lang='lat' dir='ltr'><strong>vero</strong></span> <span class='ocrx_word' id='word_1_147' title='bbox 1016 3059 1090 3133; x_wconf 92' lang='lat' dir='ltr'><strong>diei</strong></span> <span class='ocrx_word' id='word_1_148' title='bbox 1115 3058 1197 3134; x_wconf 84' lang='lat' dir='ltr'><strong>hara</strong></span> 
     </span>
     <span class='ocr_line' id='line_1_25' title="bbox 238 3179 1199 3282; baseline -0.005 -26"><span class='ocrx_word' id='word_1_149' title='bbox 238 3197 371 3282; x_wconf 84' lang='lat' dir='ltr'><strong>quarta</strong></span> <span class='ocrx_word' id='word_1_150' title='bbox 379 3181 632 3281; x_wconf 85' lang='lat' dir='ltr'><strong>pomeridiana</strong></span> <span class='ocrx_word' id='word_1_151' title='bbox 646 3194 792 3282; x_wconf 84' lang='lat' dir='ltr'><strong>apertus</strong></span> <span class='ocrx_word' id='word_1_152' title='bbox 807 3179 894 3254; x_wconf 78' lang='lat' dir='ltr'><strong>satis</strong></span> <span class='ocrx_word' id='word_1_153' title='bbox 911 3205 1080 3278; x_wconf 86' lang='lat' dir='ltr'><strong>magnam</strong></span> <span class='ocrx_word' id='word_1_154' title='bbox 1104 3183 1199 3280; x_wconf 88' lang='lat' dir='ltr'><strong>pun&#39;s</strong></span> 
     </span>
     <span class='ocr_line' id='line_1_26' title="bbox 235 3300 1199 3403; baseline -0.004 -27"><span class='ocrx_word' id='word_1_155' title='bbox 235 3305 382 3403; x_wconf 85' lang='lat' dir='ltr'><strong>copiam</strong></span> <span class='ocrx_word' id='word_1_156' title='bbox 408 3301 536 3376; x_wconf 85' lang='lat' dir='ltr'><strong>effudit</strong></span> <span class='ocrx_word' id='word_1_157' title='bbox 559 3316 669 3402; x_wconf 86' lang='lat' dir='ltr'><strong>atque</strong></span> <span class='ocrx_word' id='word_1_158' title='bbox 695 3300 875 3400; x_wconf 76' lang='lat' dir='ltr'><strong>insignem</strong></span> <span class='ocrx_word' id='word_1_159' title='bbox 899 3301 938 3373; x_wconf 90' lang='lat' dir='ltr'><strong>in</strong></span> <span class='ocrx_word' id='word_1_160' title='bbox 956 3301 1117 3374; x_wconf 85' lang='lat' dir='ltr'><strong>modum</strong></span> <span class='ocrx_word' id='word_1_161' title='bbox 1142 3301 1199 3373; x_wconf 90' lang='lat' dir='ltr'><strong>de·</strong></span> 
     </span>
     <span class='ocr_line' id='line_1_27' title="bbox 238 3419 1200 3520; baseline -0.003 -24"><span class='ocrx_word' id='word_1_162' title='bbox 238 3423 371 3520; x_wconf 72' lang='lat' dir='ltr'><strong>crevit,</strong></span> <span class='ocrx_word' id='word_1_163' title='bbox 398 3419 586 3497; x_wconf 73' lang='lat' dir='ltr'><strong>doleribus</strong></span> <span class='ocrx_word' id='word_1_164' title='bbox 612 3435 650 3495; x_wconf 87' lang='lat' dir='ltr'><strong>et</strong></span> <span class='ocrx_word' id='word_1_165' title='bbox 675 3421 776 3496; x_wconf 82' lang='lat' dir='ltr'><strong>febre</strong></span> <span class='ocrx_word' id='word_1_166' title='bbox 802 3420 910 3496; x_wconf 86' lang='lat' dir='ltr'><strong>simul</strong></span> <span class='ocrx_word' id='word_1_167' title='bbox 935 3423 1115 3518; x_wconf 79' lang='lat' dir='ltr'><strong>mitigatis.</strong></span> <span class='ocrx_word' id='word_1_168' title='bbox 1143 3424 1200 3495; x_wconf 91' lang='lat' dir='ltr'><strong>In·</strong></span> 
     </span>
     <span class='ocr_line' id='line_1_28' title="bbox 237 3539 1199 3642; baseline -0.004 -26"><span class='ocrx_word' id='word_1_169' title='bbox 237 3542 470 3642; x_wconf 86' lang='lat' dir='ltr'><strong>sequentibus</strong></span> <span class='ocrx_word' id='word_1_170' title='bbox 479 3556 601 3614; x_wconf 88' lang='lat' dir='ltr'><strong>autem</strong></span> <span class='ocrx_word' id='word_1_171' title='bbox 610 3540 751 3640; x_wconf 85' lang='lat' dir='ltr'><strong>diebus,</strong></span> <span class='ocrx_word' id='word_1_172' title='bbox 765 3541 854 3616; x_wconf 88' lang='lat' dir='ltr'><strong>dum</strong></span> <span class='ocrx_word' id='word_1_173' title='bbox 862 3541 1011 3614; x_wconf 83' lang='lat' dir='ltr'><strong>interim</strong></span> <span class='ocrx_word' id='word_1_174' title='bbox 1022 3539 1199 3614; x_wconf 81' lang='lat' dir='ltr'><strong>leniomm</strong></span> 
     </span>
     <span class='ocr_line' id='line_1_29' title="bbox 236 3642 1194 3763; baseline -0.002 -29"><span class='ocrx_word' id='word_1_175' title='bbox 236 3655 519 3762; x_wconf 86' lang='lat' dir='ltr'><strong>temperantium</strong></span> <span class='ocrx_word' id='word_1_176' title='bbox 551 3677 588 3736; x_wconf 90' lang='lat' dir='ltr'><strong>et</strong></span> <span class='ocrx_word' id='word_1_177' title='bbox 621 3661 920 3763; x_wconf 80' lang='lat' dir='ltr'><strong>cataplasmatum</strong></span> <span class='ocrx_word' id='word_1_178' title='bbox 937 3667 939 3672; x_wconf 85' lang='lat'>&#39;</span> <span class='ocrx_word' id='word_1_179' title='bbox 957 3642 1194 3734; x_wconf 74' lang='lat' dir='ltr'><strong>molliendum</strong></span> 
     </span>
    </p>
   </div>
   <div class='ocr_carea' id='block_1_2' title="bbox 238 3780 1192 3888">
    <p class='ocr_par' dir='ltr' id='par_1_2' title="bbox 238 3780 1192 3888">
     <span class='ocr_line' id='line_1_30' title="bbox 238 3780 1192 3888; baseline -0.006 -30"><span class='ocrx_word' id='word_1_180' title='bbox 238 3807 325 3858; x_wconf 79' lang='lat' dir='ltr'><strong>auus</strong></span> <span class='ocrx_word' id='word_1_181' title='bbox 351 3785 584 3861; x_wconf 85' lang='lat' dir='ltr'><strong>continuatus</strong></span> <span class='ocrx_word' id='word_1_182' title='bbox 610 3798 718 3886; x_wconf 83' lang='lat' dir='ltr'><strong>esset,</strong></span> <span class='ocrx_word' id='word_1_183' title='bbox 743 3797 921 3888; x_wconf 85' lang='lat' dir='ltr'><strong>perpetuo</strong></span> <span class='ocrx_word' id='word_1_184' title='bbox 938 3783 1039 3885; x_wconf 77' lang='lat' dir='ltr'><strong>pasis</strong></span> <span class='ocrx_word' id='word_1_185' title='bbox 1056 3780 1192 3856; x_wconf 79' lang='lat' dir='ltr'><strong>effluvio</strong></span> 
     </span>
    </p>
   </div>
   <div class='ocr_carea' id='block_1_3' title="bbox 0 0 1299 4480">
    <p class='ocr_par' dir='ltr' id='par_1_3' title="bbox 0 0 1299 4480">
     <span class='ocr_line' id='line_1_31' title="bbox 0 0 1299 4480; baseline 0 3"><span class='ocrx_word' id='word_1_186' title='bbox 0 0 1299 4480; x_wconf 95' lang='lat' dir='ltr'><strong> </strong></span> 
     </span>
    </p>
   </div>
  </div>
 </body>
</html>
