2586 4480
962 263 1029 338 1-77

91 355 143 456 'in
165 358 251 430 uteri
276 353 418 432 alterius
442 357 564 434 lateris
590 381 716 432 coxam
743 358 867 454 irruit,
891 377 974 430 'crus
999 383 1058 430 su-

106 477 239 550 hiacens
263 495 449 579 gravatur,
474 493 596 580 torpet
620 493 658 552 et
682 503 785 577 aegre
803 491 979 552 movetur.
1006 478 1057 550 Et

107 621 188 695 quae
212 599 282 670 sint
304 599 454 699 reliqua.
481 599 683 675 Nervorum
710 597 976 673 connexionem
1005 622 1057 670 es·

105 741 159 816 se,
192 743 281 816 quae
323 721 446 812 omnia
488 717 580 791 haec'
615 731 861 818 symptomata
900 717 1057 814 inserat,

106 839 178 935 quis
202 836 366 912 dubitare
390 837 535 940 posset?
560 837 672 929 Quod
697 812 965 937 si'persuasum
990 835 1056 910 ha·

103 955 237 1055 bemus,
263 983 349 1032 ecce
373 958 594 1058 pertinaciae
619 983 746 1030 eorum
779 955 880 1031 haud
909 958 1057 1055 exiguae

102 1077 136 1146 in
160 1075 345 1150 afficienda
371 1103 411 1151 ea
442 1077 519 1154 sola
553 1077 716 1177 corporis
750 1075 902 1150 dimidia
935 1089 1059 1177 parte,

102 1196 227 1297 inqua
251 1199 371 1272 riscus
397 1223 544 1296 aegrum
570 1197 790 1272 collocatum
812 1211 885 1295 est,
903 1197 1056 1271 omnino

99 1315 269 1390 sufficiens
301 1318 395 1392 ratio
428 1316 535 1390 nobis
570 1319 610 1390 iu
653 1318 800 1391 arctiori
835 1341 955 1414 nexu,
989 1318 1052 1416 qui

99 1437 192 1510 nervi
216 1437 399 1512 visceralis
424 1451 461 1510 et
485 1437 707 1538 sympathici
724 1437 849 1538 plexus
874 1439 913 1510 in
939 1435 1054 1512 altero

100 1551 248 1630 thoracis
282 1571 320 1630 et
352 1555 559 1630 abdominis
597 1554 709 1630 latere
749 1555 931 1656 dispersos
973 1582 1058 1629 cum

99 1674 251 1750 eiusdem
276 1677 399 1750 lateris
424 1677 545 1750 nervis
572 1675 711 1749 cerebri
737 1689 775 1748 et
798 1675 980 1749 medullae
1002 1677 1056 1746 in-

97 1796 260 1896 tercedit,
287 1809 414 1896 atque,
439 1797 479 1869 in
495 1798 538 1868 iis
554 1797 683 1893 ramis,
701 1797 764 1895 qui
781 1794 827 1868 ab
841 1796 930 1895 ipsis
953 1795 1055 1868 hisce

97 1918 208 1988 nervis
243 1917 293 1991 ad
324 1917 461 1990 viscera
494 1938 622 1990 eorum
653 1916 758 1989 lateri
796 1916 912 1990 adsita
945 1938 1056 2014 pcne-

97 2045 204 2136 aaut,
229 2035 389 2111 offertur.
415 2037 677 2134 Excogitarunt
694 2034 852 2136 quidem·
865 2036 934 2108 viri
956 2033 1057 2108 docti

95 2177 158 2250 pro
174 2155 323 2255 singulis
339 2154 602 2254 Phaenomenis
619 2154 779 2254 singulos
800 2154 1052 2255 explicatioms

92 2274 234 2373 modos,
261 2277 325 2376 qui
351 2300 455 2372 vero,
481 2300 595 2387 qupm
620 2275 668 2348 ad
694 2290 813 2350 cetera
836 2275 1056 2376 phaenome-

94 2417 137 2465 na
160 2419 237 2468 non
263 2409 482 2492 congruant,
508 2395 697 2470 reiiciendi
727 2411 822 2471 sunt.
857 2398 916 2472 Sic
951 2399 1056 2472 Burt-

93 2538 151 2587 cus
185 2515 334 2616 pleurae
367 2515 548 2605 tensioni,
581 2515 642 2590 alii
675 2515 956 2592 inflammationi
990 2545 1056 2618 per

92 2631 324 2733 diaphragma
349 2632 585 2734 pleuramque
602 2651 820 2735 propagatae
844 2636 987 2713 humeri
1004 2639 1056 2711 iu·

92 2751 235 2853 gulique
262 2752 426 2828 dolorem
458 2755 686 2854 imputarunt
719 2757 767 2829 ad
798 2755 941 2856 hepatis
971 2756 1056 2829 affe-

93 2884 168 2944 ctus
188 2871 435 2972 accedentem,
449 2872 556 2972 longe
569 2875 680 2948 satius
695 2901 739 2948 ex
752 2901 865 2952 nervo
878 2876 1055 2976 phrenico

93 2988 217 3066 dextro
242 2992 520 3093 exponendum,
545 2996 607 3093 qui
633 2993 773 3088 scilicet
789 2995 887 3070 haud
908 2997 1054 3094 exiguos

89 3133 207 3184 ramos
232 3114 273 3184 iu
297 3110 411 3212 hepar
435 3115 569 3214 spargit
595 3127 633 3188 et
657 3141 701 3192 ex
726 3116 830 3190 nervi
865 3116 1052 3190 cervicalis
1104 3172 1107 3182 .

91 3233 207 3324 quarti
233 3256 334 3304 ramo
361 3235 559 3332 anteriore,
575 3236 616 3307 in
632 3261 775 3309 summo
799 3235 954 3310 humero
975 3262 1055 3336 par·

90 3348 256 3448 tibusque
280 3355 445 3451 proxime
471 3352 721 3429 adiacentibus
748 3356 932 3458 absumo,
953 3383 1054 3459 prae-

90 3469 233 3566 cipuam
266 3471 426 3544 radicem
459 3475 602 3574 accipit.
644 3473 761 3554 Simili
799 3478 911 3551 modo
951 3480 1052 3551 testis

91 3585 196 3660 dolor
228 3604 266 3661 et
297 3592 453 3666 reuulsio
484 3595 525 3665 in
551 3595 766 3696 'nephritide
800 3597 1051 3699 explicantur,

90 3731 180 3808 quos
207 3709 375 3788 Rurrrus
393 3712 525 3816 aliique
551 3741 593 3788 ex
619 3741 702 3791 vase
719 3717 906 3797 deferente
917 3744 1049 3818 presso
