2594 4474
267 247 317 340 dc

240 366 394 466 repetita
417 375 490 437 est.
525 362 695 440 Attamen
717 366 817 441 'dum
840 365 966 469 'paulo
1003 341 1198 448 accuratius

241 489 359 586 ipsam
384 509 464 558 eam
480 483 669 560 historiam
685 487 961 590 perlustramus,
987 490 1072 566 eece
1090 493 1200 594 phac·

241 630 400 680 nomena
432 603 540 680 nobis
572 606 774 682 obveniunt
790 631 793 637 ·
807 635 891 682 cum
927 611 1029 684 c'erea
1063 628 1202 687 artuum

239 724 462 800 flexibilitate
493 751 570 799 non
601 727 764 826 apprime
808 732 1053 827 congruentia.
1072 737 1075 741 ‘
1091 732 1200 832 Virgo

240 850 340 920 enim
366 859 450 945 post
474 847 591 920 varias
617 844 817 945 hystericas
843 849 1051 924 affectiones
1081 853 1122 924 in
1145 879 1202 928 ve·

241 991 320 1039 ram
345 965 565 1066 plenamque
592 966 791 1067 catalepsin
825 969 999 1044 incidisse
1029 971 1200 1072 refertur,

241 1085 333 1159 adeo
349 1101 390 1160 ut
406 1085 527 1185 digiti,
547 1086 744 1184 digitorum
756 1089 870 1186 artus,
886 1095 1032 1188 manus,
1049 1093 1201 1166 antibra·

116 1221 148 1309 s
243 1207 368 1280 chium
393 1207 516 1279 omnia
533 1232 577 1281 eo
595 1209 716 1306 positu
735 1209 935 1307 tenuerint,
956 1237 1030 1311 quo
1053 1215 1201 1314 quisque

243 1325 504 1401 collocaveritz'
520 1326 674 1400 subinde
700 1342 822 1402 tamen
855 1327 1019 1429 additur,
1051 1333 1201 1409 odorem

241 1445 351 1519 simul
369 1447 478 1520 firisse
495 1449 760 1547 acutissimum,
777 1448 940 1550 adeoque
957 1453 1101 1550 aegram
1116 1453 1204 1528 odo·

241 1591 299 1640 res
322 1568 517 1666 respuisse,
537 1582 595 1665 ut,
611 1568 642 1640 si
659 1567 806 1670 naribus
827 1568 1050 1644 odoriferum
1068 1571 1205 1672 aliquid

242 1687 680 1787 admoveretur,'summa
707 1714 791 1762 cum
815 1690 1044 1782 vehementia
1074 1707 1204 1766 extem·

240 1808 305 1910 plo
330 1809 379 1882 ad
403 1807 557 1882 alterum
582 1808 676 1882 latus
693 1835 826 1910 corpus
851 1808 1105 1910 declinaverit,
1130 1839 1204 1886 ma·
1235 1911 1239 1917 Ι

238 1953 362 2028 nuque
375 1953 479 2012 nares
494 1927 687 2002 occluserit
699 1955 771 2028 qua
787 1943 908 2004 amota
921 1927 1072 2004 alteram
1084 1934 1205 2006 statim

241 2048 428 2123 celerrime
453 2046 601 2122 naribus
626 2047 822 2149 appulerit:
849 2051 938 2150 quin
964 2075 1078 2151 quum
1103 2053 1204 2152 spiri·

240 2159 314 2244 tus⁴
324 2169 542 2242 ammoniaci
568 2169 686 2263 solum
702 2193 839 2243 nomen
864 2173 1113 2270 enuntiarent,
1138 2170 1204 2244 sul)
1283 2207 1284 2238 r

238 2288 405 2388 stragulis
422 2314 460 2362 se
482 2275 639 2388 abdidit,
660 2303 697 2362 et
712 2276 827 2389 quum
842 2314 964 2390 penna
989 2292 1119 2391 spiritu
1142 2291 1206 2366 illo

235 2408 385 2484 madida
406 2433 510 2482 neres
533 2408 853 2507 irritare‘vellent,
880 2408 1078 2484 clamorem
1092 2425 1206 2484 sustu·

240 2528 301 2626 lit,
325 2531 365 2602 in
391 2527 497 2602 diras
514 2527 768 2605 convulsione's
792 2529 941 2629 incidit,
966 2529 1142 2634 adeoque·
1155 2533 1206 2604 ira

240 2664 278 2723 et
295 2651 424 2748 'surore
451 2651 626 2748 exagitata
652 2649 738 2747 suit,
763 2662 805 2722 ut
836 2650 897 2724 vix
926 2676 947 2722 a
973 2648 1089 2724 tribus
1121 2653 1207 2726 viris

239 2771 398 2846 coerceri
422 2782 554 2871 posset.
591 2768 694 2859 Quae
729 2767 916 2868 quomodo
948 2793 1054 2845 verae
1080 2769 1206 2844 catale-

240 2887 314 2988 psis
339 2901 377 2962 et
402 2913 526 2962 cereae
550 2886 746 2962 flexilitatis
765 2889 914 2962 notioni
938 2890 1208 2988 accommodari

193 3077 199 3096 ,
237 3010 396 3110 possint,
421 3033 498 3084 non
527 3005 700 3108 intelligo.
726 3007 816 3083 Post
841 3002 998 3082 duorum
1013 3001 1208 3109 meusiuni,

240 3151 332 3227 quos
342 3153 427 3216 ¹rure
435 3143 643 3230 peregerat,
660 3129 966 3209 intermissionem
986 3156 1072 3204 cunr
1087 3131 1208 3206 reditu

235 3249 276 3322 in
301 3233 428 3321 urbem
458 3247 647 3348 catalepsis
662 3249 794 3320 iterum
812 3248 963 3346 ingruit,
980 3259 1057 3348 non
1074 3262 1208 3346 tamen,

238 3381 410 3440 utentes
434 3364 705 3467 praegrediente
725 3366 907 3467 hysterica
933 3367 1148 3468 affectione,
1173 3383 1209 3442 et

241 3509 341 3558 nunc
379 3484 575 3559 dimidium
616 3485 736 3559 solum
777 3511 909 3587 corpus
951 3486 1207 3588 catalepticum

149 3685 154 3692 ι
242 3605 394 3682 erasisse
420 3605 590 3680 traditur:
617 3604 681 3678 sed
704 3607 782 3706 ipsa
802 3606 936 3679 autoris
961 3605 1072 3680 verba
1098 3631 1206 3706 appo·

242 3746 344 3798 nam:
380 3757 396 3792 u
420 3723 501 3802 Elle
518 3727 763 3822 commencoit
780 3730 947 3826 toujours
972 3751 1039 3828 par
1060 3727 1207 3803 tumber
