2586 4480
982 290 1054 364 203

118 406 210 480 alius
235 409 275 478 in
301 406 372 482 alio
397 405 508 482 latere
534 430 657 480 causas
673 407 887 505 promerito
904 406 1081 484 illustrare

120 529 298 626 cupimus.
325 525 502 600 Generale
535 539 657 600 autem
690 528 846 606 omnino⁴
869 553 950 602 esse·
974 528 1083 604 'debet

120 674 162 722 ac
187 650 228 720 in
252 639 419 722 universi*
443 646 605 747 corporis
631 647 890 720 constitutione
908 651 1083 748 'positum

120 767 281 844 bortrinis
308 766 424 842 dextri
448 778 486 838 et
511 766 647 840 sinistri
672 764 887 864 discrimen,
912 768 1012 867 quod
1035 769 1084 843 ef·

119 887 228 962 ficere
254 885 384 984 valuit,
410 899 452 958 ut
477 899 514 960 et
538 899 658 983 partes
684 885 724 956 in
743 909 891 984 quoquc
908 885 1020 961 latere
1037 888 1086 962 ad

121 1005 388 1104 aegrotandum
408 1005 649 1107 procliviores
674 1028 902 1105 summopere
927 1001 1022 1082 inter
1046 1035 1084 1082 se
1112 1097 1116 1104 Ι

56 1120 63 1142 '
118 1127 362 1216 conveniant,
387 1141 424 1200 et
448 1123 608 1222 morbis,
633 1124 683 1197 ad
709 1149 801 1225 quos
827 1123 1019 1225 inclinant,
1044 1130 1085 1202 in

120 1271 271 1346 quoquo
296 1245 486 1344 peculiaris
510 1247 552 1344 in
577 1247 785 1322 universum
813 1248 861 1322 sit
874 1244 1039 1322 indoles.

159 1407 167 1424 ·
196 1373 223 1456 ᾗ.
268 1368 346 1459 ι44.
382 1365 569 1438 Generalis
604 1369 680 1442 eius
714 1366 934 1440 discriminis
966 1361 1086 1469 image

117 1487 332 1586 praecipuis
358 1486 528 1560 lincis-in
553 1485 798 1586 superioribus
831 1513 875 1562 eo
900 1490 980 1589 ipso
1013 1490 1088 1563 iam

122 1605 304 1678 delineata
331 1619 403 1702 est,
430 1604 547 1705 quod,
565 1605 751 1704 quomodo
769 1605 990 1680 differentiae
1008 1633 1086 1708 spe·

122 1723 234 1798 ciales
257 1724 353 1798 inter
376 1749 414 1796 se
441 1726 678 1821 conveniant,
703 1727 944 1824 exposuerim.
971 1726 1087 1814 Quae·

122 1843 848 1940 riturnunc,u1ndcortumhabeatet
882 1871 975 1946 quae
1009 1849 1087 1919 eius

123 1967 175 2037 sit
201 1989 306 2036 causa
331 1963 501 2036 efficiens.
526 1964 650 2038 Primo
676 1963 759 2038 loco
790 1979 846 2037 est
874 1967 1088 2063 investigan-

124 2083 329 2182 dum,>num
349 2083 509 2156 fabricae
528 2085 706 2182 corporis,
721 2097 898 2183 quatenus
912 2110 1088 2186 asymme-

118 2203 258 2276 tricam
274 2202 502 2276 anatomicos
520 2217 663 2276 nostrae
681 2202 1090 2304 disquisitionespalam

126 2321 294 2413 iaciunt,¹
311 2323 496 2397 debeatur.
524 2303 735 2426 systematis
755 2336 878 2396 autem
892 2349 1090 2404 nervorum
1191 2325 1196 2338 ’

74 2481 79 2490 ·
126 2440 320 2514 cerebralis
345 2442 492 2516 affectus
521 2441 738 2542 idiopathici
764 2442 811 2516 ad
827 2469 941 2516 unuin
963 2469 1089 2518 omnes

126 2562 315 2634 sinistrum·
344 2561 437 2634 latus
470 2587 555 2661 prae
593 2561 719 2637 dextro
754 2565 876 2661 potius
909 2563 1090 2636 afficiunt:

137 2697 261 2757 tamen
287 2695 454 2756 anatome
480 2682 574 2766 inter
599 2682 736 2754 cerebri
761 2695 797 2754 et
829 2682 1009 2754 medullae
1036 2681 1093 2779 diff

130 2805 261 2880 midias
287 2816 406 2902 partes
431 2805 582 2875 omnino
611 2801 749 2874 nullam
774 2801 909 2900 detegit
924 2801 1090 2874 differen-

129 2928 237 3022 tiam,
255 2915 393 3021 neque,
410 2924 711 2994 ramilicationem
727 2921 838 2994 modo
857 2927 1093 3019 tion-semper

128 3045 200 3118 sibi
225 3055 454 3118 constantem
479 3042 654 3142 excipias,
683 3043 779 3114 inter
812 3041 957 3114 dextros
984 3053 1020 3112 et
1045 3041 1093 3112 si·

128 3167 264 3240 nistros
289 3161 334 3234 ab
351 3162 438 3260 ipsis
456 3175 627 3234 exeuntes
644 3185 774 3233 nervos
792 3158 902 3231 ullam
924 3159 1093 3232 ostendit.

129 3283 243 3374 Quod
267 3284 338 3353 iam
364 3279 525 3354 sufficere
551 3279 714 3375 videtur,
741 3304 814 3379 quo
833 3273 990 3364 fabricae
1014 3303 1092 3352 cor·

128 3403 229 3506 poris
245 3415 366 3500 partes
382 3402 422 3472 in
440 3399 620 3498 gignendo
641 3398 706 3472 illc
732 3397 940 3472 discrimine
967 3405 1093 3471 omnes

127 3520 362 3620 denegandus
387 3545 463 3592 esse
490 3520 696 3592 doceamur.
731 3517 784 3590 Ut
817 3543 904 3592 vero
938 3517 1115 3616 suspicio¹
1210 3555 1215 3562 ·

128 3642 242 3712 etiam
267 3637 449 3736 deleatur,
475 3640 544 3711 alia
569 3633 675 3712 causa
703 3637 797 3710 effici
823 3650 863 3710 ut
889 3635 981 3708 latus
1004 3637 1092 3712 sini·

134 3775 250 3834 strum
275 3761 388 3858 magis
414 3759 461 3835 ad
487 3757 637 3835 morbos
661 3783 857 3831 nervorum
872 3756 1096 3856 propendat,
