2636 4470
220 327 223 338 .
273 259 340 352 154
938 329 941 338 ,

224 382 410 484 'Lucinae
430 378 670 453 ministrando
711 392 817 478 etque
854 383 1017 479 autopsia
1048 384 1090 454 in
1123 409 1199 482 gra·

240 487 406 576 videtum
431 514 469 574 et
493 523 570 573 non
595 499 823 599 gravidarum
847 499 1082 576 cadaveribus
1107 510 1201 579 uteri

243 647 284 696 os
300 622 402 696 lateri
420 623 568 720 vaginae
585 622 730 695 sinistro
750 645 978 722 oppressum,
993 637 1099 698 utero
1122 639 1202 700 tum

170 739 171 742 ’
242 746 282 816 in
308 744 461 818 cavitate
486 742 610 816 dextra
634 741 749 841 pelvis
774 744 868 841 sito,
897 741 1032 842 pluries
1064 767 1103 818 se
1136 746 1204 820 ob-

243 887 400 938 servasse
426 861 579 936 affirmet
604 887 713 962 quam
738 860 813 937 ullo
845 861 916 938 alio
948 863 1062 938 modo
1094 865 1204 939 incli-

244 998 381 1058 natum.
407 983 540 1058 Itidem
563 983 730 1058 fletuum
755 988 801 1080 (ι)
828 981 1053 1057 dextrorsum
1078 999 1116 1058 et
1141 1011 1206 1059 an·

244 1121 402 1178 trorsum
433 1107 663 1204 potissimum
694 1118 822 1176 uterus
848 1106 964 1202 premi
1004 1103 1206 1179 videbatur.

245 1225 419 1324 Idemque
443 1239 569 1322 postea
595 1249 615 1296 a
641 1223 764 1296 multis
785 1225 854 1297 arti
870 1223 1100 1299 obstetriciae
1121 1250 1208 1327 ope-
1301 1293 1302 1296 ,

245 1369 324 1419 ram
370 1345 539 1418 dentibus
578 1345 831 1418 confirmatum
867 1359 926 1418 est
938 1400 948 1444 ,
981 1348 1077 1418 iuter
1115 1373 1207 1446 quos

246 1491 333 1566 prae
358 1468 486 1572 ceteris
511 1468 662 1539 unicum
694 1467 881 1540 nominem
905 1465 958 1538 Ill.
990 1463 1209 1542 osismus
1234 1563 1243 1568 ,

246 1587 313 1686 (2),
339 1599 468 1660 testem
492 1587 542 1662 oh
573 1586 777 1662 multorum·
805 1609 985 1664 annorum
1020 1589 1211 1688 experien-

248 1696 338 1782 siem
362 1708 463 1779 etin
489 1705 717 1780 observando
746 1708 1014 1782 accurationem
1046 1709 1210 1804 gravissi·

247 1849 374 1926 mum,
413 1829 475 1926 qui
514 1825 685 1926 quidem,
724 1829 836 1924 quum
874 1840 998 1925 partus
1032 1824 1209 1927 incipiat,
1301 1895 1302 1898 ,

251 1944 478 2034 dextrorsum
495 1945 601 2032 haud
626 1971 707 2023 raro
734 1959 877 2018 uterum
907 1945 1082 2018 inclinare
1111 1971 1211 2021 »asse-

250 2082 360 2140 verat.
392 2067 565 2165 Apprime
604 2065 694 2138 haec
726 2067 804 2138 istis
840 2064 1084 2164 respondent,
1121 2091 1212 2165 quae

252 2175 411 2258 accurati
445 2185 484 2256 C.
517 2184 562 2256 H.
595 2197 751 2258 sectores
785 2183 830 2259 de
863 2183 1019 2256 naturali
1053 2187 1149 2258 uteri
1173 2187 1212 2257 iu

249 2305 349 2404 pelvi
374 2306 444 2376 situ
470 2301 708 2378 observarunt
732 2303 949 2404 facilemque
979 2301 1067 2378 iude
1101 2304 1213 2406 expli·
1301 2379 1302 2384 ,

233 2425 434 2498 cationem
471 2423 678 2498 admittunt.
710 2427 993 2498 Aurusuurrmus
1025 2423 1074 2519 (3)
1101 2427 1212 2524 enim,

180 2564 182 2567 ·
254 2570 368 2644 quum
398 2556 445 2616 ut
479 2567 606 2618 verum
642 2546 801 2644 partium
840 2542 1071 2630 muliebrium
1105 2547 1215 2617 situm

256 2664 536 2762 determinaret,
570 2691 589 2736 a
625 2677 726 2762 tergo
770 2663 944 2738 cadavera
980 2667 1214 2761 remouisset,

257 2784 412 2856 fundum
443 2773 535 2857 uteri
568 2802 690 2858 versus
722 2785 885 2895 intestini
923 2784 1013 2856 recti
1047 2783 1216 2857 dextrum

256 2903 350 2976 lotus
374 2903 549 2980 inclinare
574 2907 717 3004 reperit·
742 2904 817 2978 Nec
834 2907 954 2979 minus
980 2901 1141 2980 Giiuzws
1168 2903 1214 2996 (4)

265 3423 307 3480 (ι)
323 3418 351 3468 L.
370 3433 393 3468 c.
411 3417 441 3468 T.
459 3416 531 3468 Vlll.
549 3416 606 3468 Lib.
624 3415 665 3468 28.
684 3413 753 3468 Secl.
772 3432 795 3466 α.
814 3417 840 3482 ς.
859 3417 883 3482 4.
900 3433 928 3487 p.
946 3416 1009 3485 49*

266 3509 308 3566 (α)
324 3503 363 3557 er.
383 3503 528 3556 cranous
544 3505 594 3556 ss·
608 3488 881 3573 mmmmm.
899 3503 930 3564 r,
948 3504 983 3555 11.
1000 3521 1026 3572 p.
1048 3502 1102 3556 ses.

265 3591 306 3654 (3)
323 3590 378 3643 lleil
396 3609 421 3644 ιι.
438 3591 597 3644 Autenrieth
613 3591 716 3644 Archiv.
728 3593 756 3658 fi
771 3590 796 3644 cl
815 3590 928 3656 Plrys'iol.
944 3593 975 3644 B.
993 3589 1052 3644 Vll.
1070 3605 1096 3662 p.
1115 3591 1173 3660 ²94·

267 3678 306 3744 (4)
324 3676 362 3730 Ei.
380 3695 467 3753 progr.
486 3679 518 3731 dc
536 3685 611 3732 utero
629 3687 657 3733 et
673 3677 839 3732 securalibus
850 3677 1032 3734 foeminarum.
1050 3679 1121 3748 Lips.
1143 3677 1210 3748 1753.

325 3765 471 3836 sses-
583 3830 589 3842 x
