2586 4480
1006 335 1084 414 aba

142 456 284 560 Maleae
318 469 367 528 et·
390 455 566 554 Cicutae,
600 452 732 556 quibus
771 452 930 556 denique
956 453 1115 557 Spongia

140 581 281 651 marina
308 591 387 650 usto
404 591 442 650 et
458 557 684 676 unguentum
708 577 924 652 mercuriale
941 579 1114 680 campho-

111 697 112 702 ’
142 714 264 772 ratum
291 698 538 797 addebantur,
564 696 736 771 undecim
754 696 882 771 diebus
898 711 1021 774 sanata
1048 715 1111 775 est.

220 819 312 892 Mihi
333 845 478 920 quoque
496 821 667 918 contigit,
692 833 735 892 ut
750 818 822 893 hoo
842 843 940 893 anno
957 819 1113 894 similem
1188 862 1192 875 ‹

142 967 269 1014 casum
285 941 324 1014 in
340 943 508 1014 instituto
530 940 663 1014 clinico
680 939 976 1039 Heidelbergensi
994 937 1113 1014 obser·

140 1087 276 1137 varena.
302 1061 444 1135 Ancilla
471 1063 617 1160 triginta
645 1085 760 1134 annos
777 1060 934 1159 habens,
960 1085 1112 1161 quaese

138 1198 250 1257 antea
275 1182 373 1256 bona
392 1183 607 1260 ualetudine
632 1207 736 1254 usam
761 1207 836 1254 esse
854 1180 1015 1281 dicebat,
1042 1179 1113 1258 nist

131 1306 246 1408 *quod
271 1321 353 1384 ante
376 1320 447 1378 tres
472 1304 720 1380 hebdomadas
745 1306 821 1380 vim
843 1305 984 1403 frigoris
1008 1330 1113 1406 passa

141 1427 352 1525 odontalgia
369 1441 407 1500 et
424 1427 554 1525 otalgia
569 1427 696 1500 affecta
709 1426 845 1526 luisset,
859 1425 918 1501 die
932 1428 1014 1500 XII.
1028 1428 1110 1501 Jun.

43 1533 50 1539 ²
142 1549 180 1621 h.
208 1574 238 1621 a.
266 1547 408 1620 dolones
436 1547 520 1621 colli
552 1546 787 1648 querebatur,
821 1550 884 1647 qui
916 1549 1111 1649 praecipue

143 1669 395 1742 sentiebantur
411 1672 450 1740 in
466 1668 636 1766 glandula
665 1667 900 1768 thyreoidea,
925 1673 1028 1770 cujus
1054 1683 1112 1740 tu·

143 1816 227 1864 mor
252 1800 289 1862 et
312 1789 426 1861 rubor
449 1788 776 1863 inflammationem
801 1787 1016 1888 prodebant.
1035 1790 1111 1861 Tu·

143 1937 228 1984 naor
245 1909 542 2009 magnitudinem
568 1913 628 1985 ovi
655 1907 842 2008 gallinacei
869 1933 945 1982 non
965 1935 1112 2010 supera·

142 2032 225 2128 bat,
236 2032 390 2130 spiratio
407 2032 619 2130 nentiquam
637 2029 793 2103 difficilis
809 2043 895 2102 erat.
912 2029 1110 2128 Deglntitio

143 2151 295 2252 quidem
312 2151 539 2252 aliquantum
560 2149 735 2250 impedita
760 2150 843 2242 suit,
862 2149 963 2251 quod
985 2163 1110 2224 tamen

144 2271 206 2370 vel
222 2272 269 2344 ad
284 2271 402 2346 levem
416 2267 585 2344 tonsillae
607 2270 752 2344 dextrae
771 2269 1109 2368 inflammationem,
1180 2311 1181 2314 ¹

144 2417 239 2492 quae
264 2390 457 2492 cyrtanche
479 2391 691 2492 thyreoidea
718 2391 956 2492 jungebatur,
982 2391 1108 2466 referri

144 2527 299 2614 poterat.
317 2511 442 2586 Febris
460 2537 604 2614 quoqne
619 2511 897 2586 inflammationi
916 2511 1001 2586 huie
1026 2503 1109 2613 jun'·

147 2647 227 2706 ctae
267 2625 391 2716 mitior
421 2635 514 2707 ratio
546 2647 655 2706 erat·
672 2631 844 2704 Ceterum
876 2630 1109 2707 hirudinibus

145 2754 242 2828 collo
284 2755 458 2855 appositis
491 2754 564 2828 cito
598 2752 837 2826 inflammatio
875 2753 1039 2852 mitigata
1061 2745 1110 2824 'et
1159 2776 1168 2788 ‘

143 2853 286 2976 septem
312 2875 385 2948 fere
411 2875 539 2948 diebus
564 2876 703 2948 curatio
730 2873 895 2948 absoluta
920 2887 985 2946 est.

221 2998 327 3068 Patet
350 2997 476 3094 igitur,
502 3010 541 3069 et
565 3021 692 3070 eorum
718 2993 926 3095 cynanches
948 2991 1111 3094 'thyreol-

145 3116 236 3190 deae
274 3115 577 3214 descriptionem,
608 3117 672 3216 qul
702 3129 882 3189 tumorem
915 3119 1108 3215 majorem,

144 3237 294 3336 spiritus
318 3235 569 3310 difficultatem
594 3249 631 3308 et
657 3235 726 3310 alia
752 3233 915 3334 graviora
945 3249 1119 3335 syrnpto·¹
1201 3233 1203 3238 ’

144 3369 249 3444 Μαίᾳ
270 3369 444 3455 tanquam
469 3354 671 3430 essentialia
708 3369 746 3428 et
775 3369 949 3456 perpetua
978 3369 1121 3456 propo,-¹

145 3489 258 3573 nunt,
284 3501 360 3550 non
386 3479 538 3550 omnino
564 3490 715 3552 naturae
740 3478 953 3573 convenire,
978 3475 1043 3550 sed
1063 3474 1111 3547 ad

147 3599 339 3672 certiorem
366 3596 557 3696 diagnosin
581 3599 733 3698 requiri,
759 3607 800 3671 ut
830 3610 867 3669 et
891 3598 1045 3670 mitioris
1070 3610 1111 3667 et

146 3719 332 3814 gravioris
352 3719 508 3818 formae,
541 3743 652 3820 quam
685 3717 746 3794 hie
777 3715 925 3794 morbus
958 3715 1111 3826 induere

146 3851 286 3940 potest,
314 3842 407 3940 ratio
432 3837 617 3916 habeatur.
701 3919 706 3926 ,
