2614 4476
472 339 481 360 ,
578 333 581 344 ,
733 346 746 368 ,
976 269 1023 343 83

102 387 258 466 distincte
291 393 411 464 sensit.
449 389 624 462 Maiorem
661 385 866 462 subcleviae
905 388 1049 463 dextrae

104 513 383 614 amplitudinem,
410 511 544 612 pariter
561 535 603 582 ac
620 515 754 610 majus,
773 510 872 611 quod
894 511 1052 612 plerum-

103 660 162 734 que
179 634 396 730 observatur,
412 631 574 706 eiusdem
590 631 732 706 brachii
748 631 932 730 volumen,
951 631 1051 706 docti

27 833 28 840 χ
102 757 161 828 viri
201 771 298 830 recte
336 767 509 854 censent,
549 753 796 855 frequentiore
835 753 944 829 huius
985 781 1052 826 usu

100 880 202 976 gigni,
227 880 362 978 quippe
388 877 451 976 qui
477 888 514 948 et
543 876 727 974 sauguinis
760 875 1053 950 distributionem

101 997 234 1072 adiuvet
259 1013 296 1072 et
320 999 530 1072 nutritionis
555 998 737 1094 energiam
763 1011 908 1095 augeat,
934 1011 970 1070 et
995 998 1052 1077 fir-

99 1134 232 1192 mantur
256 1123 297 1193 in
323 1145 367 1194 eo
394 1119 551 1194 duorum
576 1117 679 1193 laeva
694 1143 806 1192 manu
832 1141 901 1216 pro
926 1116 1052 1192 dextra

100 1245 266 1315 utentium
293 1242 510 1316 dissectione
527 1267 558 1312 a
580 1241 825 1314 'chnnmunro
843 1239 956 1336 faeta,
984 1262 1055 1338 qua

99 1364 228 1436 sinistra
255 1361 441 1438 subolevia
468 1361 630 1436 dextram
659 1361 848 1436 volumine
878 1357 1055 1437 excedens

99 1499 226 1584 reperta
253 1499 318 1560 est.
345 1484 448 1574 Quae
475 1508 579 1582 vero,
606 1509 815 1582 caveamus,
841 1508 904 1583 ne,
931 1506 1056 1583 eorpo-

99 1605 139 1675 ris
155 1587 375 1704 primitivam
390 1605 565 1678 fahrioam
581 1606 655 1677 iam
675 1603 895 1678 velociorem
912 1603 1055 1701 sangui·

98 1725 145 1796 nis
166 1752 230 1825 per
255 1726 422 1800 dextrum
440 1723 630 1798 brachium
650 1725 844 1797 circuitum
861 1721 1054 1821 abducere,
1113 1717 1115 1722 ’

98 1844 328 1945 negligamus:
356 1849 400 1918 eir
425 1871 467 1918 ea
493 1847 597 1918 enim'
617 1843 871 1944 exponendam
903 1869 979 1916 esse
1005 1843 1058 1914 iu·
1148 1895 1151 1900 ,

31 2009 34 2018 ν
98 1961 189 2066 dieo,
214 1970 346 2042 curin
376 1967 519 2040 duobus
552 1991 696 2067 quoque
730 1966 957 2064 amicorum,
992 1965 1055 2064 qui

96 2086 196 2163 ambo
222 2089 373 2164 sinistro
398 2085 552 2162 brachio
584 2109 757 2188 persaepe
790 2097 967 2182 utuntur,
1000 2096 1057 2156 to·

98 2211 223 2284 rosiore
239 2212 401 2308 'insuper
433 2210 473 2282 in
504 2233 631 2284 eorum
665 2205 779 2281 altero
813 2231 899 2308 prae
933 2204 1059 2279 dextro

97 2341 128 2400 et
151 2333 264 2430 magis
291 2333 448 2430 nutrito,
474 2329 600 2421 dextra
625 2328 773 2406 radialis
792 2329 949 2424 ,sinistra
984 2327 1058 2402 for·

97 2451 159 2523 tius
183 2454 319 2526 micare
337 2452 436 2526 ‘mihi
467 2453 543 2527 visa
576 2454 631 2528 sit.
666 2451 880 2555 Accuratius
911 2451 1057 2524 investi·

97 2571 246 2666 gaudum
282 2576 368 2672 erit,
400 2599 491 2647 num
524 2573 647 2648 forsan
679 2575 719 2648 in
737 2553 913 2648 ¹neonato
947 2572 1058 2644 etiam

96 2691 227 2766 infante
254 2693 462 2771 subelaviae
480 2708 517 2767 et
534 2693 713 2770 carotides
737 2693 883 2768 dextrae
905 2693 1058 2764 sinistris

99 2813 286 2912 ampliores
312 2817 394 2890 sint.

165 2941 192 3025 ᾗ.
222 2937 285 3011 60'.
319 2933 434 3010 Multo
468 2939 605 3036 magia,
636 2961 679 3012 ae
712 2938 752 3009 in
784 2937 903 3033 sanis,
933 2935 973 3006 in
1000 2957 1059 3005 ae-

97 3056 200 3148 grotis
224 3079 337 3156 wquam
362 3059 569 3157 saepissime
594 3058 781 3158 utriusque
808 3056 907 3154 carpi
933 3051 1058 3153 pulsus

99 3171 140 3243 ab
173 3177 331 3250 invicem
365 3177 506 3250 differre
526 3179 758 3252 invenimus.
793 3176 957 3250 Caeneus
997 3173 1060 3245 ali·

99 3296 240 3391 quando
279 3298 319 3368 in
349 3296 471 3392 altero
513 3299 842 3394 immittentem,
872 3297 912 3368 in
944 3294 1058 3366 altero

99 3417 293 3490 naturalem
310 3418 455 3518 pulsum
474 3405 732 3519 deprehendit:
751 3419 985 3494 Monotonrus
1010 3418 1058 3508 (ι)

419 3659 718 3687 ..η-ὰ
826 3667 828 3670 ·

105 3776 139 3844 (¹)
155 3774 183 3832 In
202 3793 225 3832 e.
243 3776 289 3853 Ep.
311 3789 353 3850 ap.
370 3795 397 3834 n.
420 3796 458 3834 ιο.
