2586 4480
115 1701 376 1842 Inflammatio
402 1767 592 1866 glandulae
610 1765 872 1866 thyreoideae,
898 1781 991 1866 quae
1016 1791 1076 1868 cy·

116 1874 276 1964 transies
300 1890 375 1962 sive
405 1892 558 1986 anginae
590 1877 817 1987 thyreoideoe
850 1888 998 1962 nomine
1032 1873 1105 1961 si?

114 2023 265 2105 gnatus,
291 2009 330 2080 in
356 2009 532 2081 rariorum
565 2007 776 2082 morborum
802 2031 994 2081 numerum
1020 2033 1076 2080 rc-

115 2129 263 2202 serenda
289 2143 396 2228 atque
423 2153 452 2221 a⁸
469 2127 649 2227 plerisque
666 2125 871 2227 pathologis
888 2141 1004 2228 usque
1028 2127 1076 2200 ad

114 2251 308 2324 novissima
336 2263 498 2348 tempora
532 2245 819 2346 adeo‘negle'cta
850 2262 928 2346 est,
952 2263 994 2320 ut
1019 2247 1077 2322 vel

114 2372 151 2442 in
165 2371 383 2470 plenissimis
398 2367 443 2440 de
459 2367 718 2465 cognoscendis
740 2382 777 2440 et
796 2367 964 2441 curandis
981 2393 1075 2442 mor·
1116 2392 1119 2398 ’

114 2489 168 2562 bis
195 2488 366 2588 operibus
381 2513 527 2590 prorsus
552 2489 703 2591 omissa,
721 2499 784 2560 aut
799 2485 916 2562 obiter
934 2501 1077 2560 tantum

113 2613 150 2682 in
191 2612 394 2708 specierum
434 2609 585 2705 anginae
622 2621 789 2680 externae
828 2607 1074 2704 designatione

113 2731 251 2802 mentio
270 2734 345 2828 ejus
363 2729 478 2832 facta,
495 2728 707 2827 neutiquam
725 2727 926 2800 accuratior
944 2725 1075 2798 descri-

46 2884 48 2890 ·
114 2853 191 2947 ptio
221 2847 352 2921 tradita
378 2850 434 2920 sit.

188 2970 244 3042 Ex
274 2969 317 3042 iis
350 2991 456 3065 vero,
488 2967 551 3066 qui
585 2965 685 3040 hisce
720 2964 944 3066 temporibus
959 3015 963 3024 s
976 2963 1078 3036 illam

114 3090 316 3162 accuratius
342 3087 626 3162 observaverunt
658 3099 695 3159 et
727 3085 837 3185 paulo
871 3083 1077 3184 diligentius

112 3206 398 3307 descripserunt,
424 3207 590 3306 inprimis
621 3205 865 3311 nominandus
887 3217 953 3278 est
983 3204 1076 3276 ceie-

112 3325 290 3401 berrimus
315 3328 518 3400 anatomiae
534 3325 787 3426 pathologicae
811 3322 965 3424 scriptor
981 3325 1077 3395 Mar·

92 3471 171 3536 ru.
197 3448 351 3520 Bruma.
378 3447 428 3518 Et
451 3447 529 3546 ipse
556 3441 703 3546 quidem
728 3445 794 3517 Vir
818 3443 869 3517 ill.
894 3446 934 3516 in
955 3444 1075 3543 priore

112 3567 242 3666 egregii
268 3569 324 3642 sui
350 3557 563 3640 anatomiae¹
583 3563 834 3668 pathologicae
866 3562 1076 3664 compendii

112 3686 273 3768 editione
299 3685 437 3762 nullam
464 3687 571 3786 hujus
597 3685 717 3760 morbi
742 3684 965 3760 mentionem
985 3683 1076 3756 fece·

110 3821 168 3884 rat
175 3864 185 3907 ,
212 3807 343 3884 deinde
368 3831 455 3886 vero
481 3809 521 3884 in
546 3806 802 3883 additamentis
821 3803 958 3880 adhoc
985 3829 1076 3904 opus
