2586 4480
251 186 320 262 168

217 309 269 378 iu
294 320 336 380 ut
360 306 468 405 haec,
494 335 699 410 praegressa
725 313 853 413 altera,
879 313 1073 416 superioris
1100 341 1186 394 cor·

217 428 318 524 poris
352 429 555 527 aequilibrii
587 435 755 508 servandi
787 435 949 508 studium
979 441 1187 514 necessario

219 549 431 647 insequatur
455 561 585 650 atque,
609 555 640 624 si
670 553 768 628 illius
796 554 948 629 modum
978 561 1190 657 exposueri-

218 693 322 765 mus,
359 667 526 767 plurimis
565 673 605 744 in
642 675 785 748 casibus
830 676 1072 777 explicatione
1108 705 1191 753 non
1289 668 1292 674 ’

170 809 174 820 ’
220 801 332 884 egeat.
358 787 567 866 Luuwrcrus
601 794 744 892 spinam
777 795 987 868 inferiorem
1020 798 1068 873 ad
1101 801 1193 871 sini-

219 919 332 980 stram
363 923 506 1007 partem
537 910 751 1012 plerumque
786 913 977 988 deflectere
1010 917 1189 1018 putabat,

219 1042 412 1128 propterea
439 1029 542 1129 quod
564 1032 701 1111 sinistri
725 1033 848 1106 lateris
868 1033 1038 1132 musculi,
1064 1035 1189 1138 aliqua

220 1175 363 1249 semper
384 1149 637 1223 imbecillitate
654 1151 824 1251 praediti,
840 1155 1097 1232 rectitudinem
1117 1161 1190 1256 spi·

219 1274 288 1343 naa
313 1295 390 1346 non
416 1271 484 1368 ita,
509 1284 552 1343 ut
576 1273 732 1346 musculi
758 1271 873 1348 dextri
903 1274 1047 1377 lateris,
1079 1281 1189 1350 susti-

219 1405 350 1462 neant:
376 1390 476 1489 quo'd
501 1417 602 1489 vero,
633 1418 746 1492 quum
782 1394 969 1468 vertebrae
1003 1395 1190 1497 thoracis,

220 1511 360 1583 etiamsi
386 1508 487 1582 nulla
510 1511 664 1586 inferior
695 1513 807 1586 altera
837 1515 1043 1588 incurvatio
1074 1517 1190 1616 adsit,

220 1631 268 1702 ad
293 1631 418 1704 dextra
443 1631 657 1731 plerumque
675 1655 800 1706 arcum
822 1633 1040 1733 describant,
1056 1629 1189 1735 parum

219 1752 415 1854 probatum
441 1753 687 1825 existimo.'1n
715 1755 873 1826 externis
898 1759 1095 1828 momentis
1120 1784 1191 1858 po-

219 1876 292 1948 tius
317 1874 412 1947 r'atio
437 1872 643 1973 quaerenda
661 1887 723 1946 est.
749 1876 949 1974 Praecipua
970 1873 1191 1951 feminarum

219 1994 475 2094 plerarumque
509 1996 727 2066 nostratium
760 2019 801 2066 ea
837 1985 1065 2082 consuetudo
1101 2022 1190 2070 con-

151 2183 152 2186 ,
220 2101 314 2186 ferre
339 2114 501 2212 videtur,
528 2139 599 2213 qua
625 2109 771 2188 sinistro
807 2113 959 2188 brachio
991 2116 1192 2216 imponunt

62 2249 65 2254 '
163 2281 165 2287 -
220 2235 392 2306 infantes.
427 2235 474 2306 Hi
508 2260 581 2334 quo
614 2248 701 2308 sunt
731 2235 969 2333 infirmiores,
999 2261 1043 2309 eo
1074 2241 1190 2336 magis

132 2401 135 2408 ·
220 2377 367 2428 summo
396 2379 548 2454 corpore
574 2353 701 2428 dextro
734 2355 784 2427 ad
802 2356 999 2428 nutricem
1019 2361 1058 2428 se
1084 2358 1190 2431 aceli-

172 2484 190 2540 .’
219 2487 330 2546 nant:
363 2474 461 2546 unde
493 2473 638 2548 laevum
671 2500 711 2548 os
743 2471 810 2547 ilai
830 2474 982 2574 paulum
1008 2475 1189 2576 elevatur,

129 2608 132 2615 '
220 2589 389 2670 derumn
415 2595 651 2696 deprimitur,
677 2620 750 2668 una
777 2585 947 2669 columna
979 2595 1190 2670 vertebralis

222 2713 271 2790 ad
295 2717 478 2788 sinistram
503 2711 659 2813 secedit,
685 2707 869 2814 superiore
902 2728 1006 2814 parte
1031 2715 1080 2788 ad
1103 2705 1192 2790 'dex-

222 2852 316 2909 tram
342 2835 498 2908 abeunte
505 2891 515 2932 ,
542 2861 658 2934 eoque
684 2836 801 2933 magis
823 2833 977 2934 secedit,
1004 2861 1079 2935 quo
1112 2863 1193 2908 mu·

221 2955 313 3029 sculi
331 2958 475 3056 spinam
490 2947 648 3028 erectam
665 2981 806 3029 serrare
820 2968 858 3028 et
874 2957 1035 3056 eorporis
1047 2955 1194 3056 pondus

221 3079 399 3156 sustinere
424 3077 547 3148 minus
571 3077 704 3149 valent.
733 3077 771 3150 Si,
796 3078 909 3150 serius
934 3074 1113 3149 rhachitis
1140 3103 1194 3150 su·

220 3197 404 3299 pervenit,
422 3197 510 3292 situ,
529 3197 592 3294 qui
607 3197 649 3268 in
664 3194 871 3286 scribendo,
884 3195 1026 3294 nendo,
1038 3196 1194 3302 suendo,

205 3319 290 3388 etc.
318 3315 478 3388 affectari
504 3316 615 3412 solat,
642 3339 715 3416 quo
742 3316 883 3390 scilicet
908 3316 1019 3389 etiam
1052 3341 1195 3388 summo

220 3449 376 3536 torpore
411 3438 449 3506 in
485 3435 648 3508 dextram
686 3451 826 3535 partem
860 3435 1065 3540 inclinant,
1098 3436 1196 3507 idem

225 3555 462 3659 distorsionis¹
482 3555 616 3628 modus
650 3555 800 3628 favetur.
826 3555 1000 3654 Idemque
1027 3579 1072 3626 eo
1098 3555 1196 3626 adiu·

207 3691 351 3774 κων,
376 3677 498 3776 quod,
535 3677 589 3748 uti
614 3677 876 3748 Isunrusnnrus
910 3677 949 3748 in
975 3699 1014 3746 se
1045 3676 1199 3776 aliisque,
