2614 4476
965 281 1049 333 ‘101

100 373 299 462 ‚madorem
322 393 485 476 unquam
501 373 716 476 emisitnec
731 373 772 450 in
786 369 919 450 balneo
937 374 1079 452 calidis·

83 595 86 602 .
119 496 205 568 simo
229 523 295 596 per
321 495 568 596 diaphoretica
592 496 748 572 maxime
764 494 926 573 volatilia
951 496 1003 572 ad
1024 523 1080 574 su·

84 699 88 726 ;
121 611 276 690 dandum
302 615 488 691 admoveri
508 629 668 716 ‚poterat
1108 607 1115 624 '

186 743 213 826 t.
240 737 300 840 74.
325 733 384 810 sd
403 735 475 810 hoc
491 738 605 812 mirae
622 735 762 838 aliquae
779 735 956 814 sudorum
972 741 1080 812 unius

118 852 232 930 lateris
245 856 511 932 vicissitudines
532 870 781 932 memorentur
794 871 948 958 oportet.
957 856 1083 934 Scuur·
1154 831 1164 854 ⁸

83 1011 98 1056 y
116 999 166 1048 ‘nu
191 978 421 1076 enimaegra
434 1032 446 1076 ,
461 979 616 1079 ‚quoties
646 1003 690 1050 ex
720 978 853 1052 marito
888 981 1081 1078 concepit,

119 1099 234 1172 statim
259 1123 282 1170 a
308 1099 559 1198 conceptionis
584 1111 623 1172 et
646 1097 734 1171 hinc
759 1099 970 1196 gestationis
993 1113 1082 1174 tem·

118 1241 203 1316 pore
228 1231 386 1318 utroque
410 1217 522 1291 latere
547 1217 746 1318 aequaliter
775 1217 937 1316 sudavit,
964 1197 1083 1293 exarat·

64 1401 70 1409 .
119 1335 197 1410 lctis
222 1363 311 1414 vero
339 1352 463 1438 partus
496 1337 681 1412 laboribus
714 1362 758 1413 eo
787 1340 871 1440 ipso
895 1321 1120 1444 momento..

91 1549 94 1554 ,
121 1457 243 1532 dextro
266 1457 380 1558 latere
396 1459 529 1532 iterum
544 1460 720 1532 exsiccata
738 1473 808 1558 est,
825 1458 918 1536 adeo
936 1475 978 1533 ut
995 1455 1084 1562 ipsi,
1099 1451 1106 1466 ’

94 1669 96 1674 Ι
122 1579 278 1678 quinque
304 1577 503 1652 liberorum
528 1581 658 1676 matri,
691 1580 802 1654 totius
838 1583 1006 1680 corporis
1026 1560 1085 1654 su-

123 1697 186 1772 dor
208 1696 411 1772 infallibile
430 1700 680 1799 conceptionis
705 1700 848 1798 signum
869 1700 988 1772 fuerit.
1007 1700 1087 1773 Alia
1134 1701 1137 1706 ’

124 1843 141 1917 c
165 1822 350 1914 contrario
375 1819 524 1912 sudores
542 1833 682 1894 tanturn
699 1845 805 1919 passa
822 1833 876 1892 est
895 1818 1090 1917 dimidios,

124 1943 411 2040 quotiescunque
428 1953 582 2038 gestaret
595 1954 699 2014 utero
713 1945 772 2033 (ι).
786 1938 976 2040 Feminam
983 1939 1087 2016 ‚dein-

127 2060 169 2133 de
192 2053 409 2167 Rouumius
434 2067 482 2155 (2)
508 2060 692 2158 meminit,
717 2083 810 2159 quae
836 2057 963 2148 dextro
980 2043 1088 2132 lateri

124 2180 353 2262 incumbens,
374 2178 452 2253 solo
489 2180 657 2276 sinistro,
694 2177 840 2253 sinistro
872 2177 1093 2256 incumbens
1160 2279 1163 2286 .

111 2300 201 2374 'solo
214 2301 358 2405 ⁴dextro
383 2299 535 2406 maduit.
561 2301 681 2392 Quam
697 2299 745 2373 ad
761 2324 846 2374 rem
870 2299 1090 2397 recorderis,

126 2433 161 2492 te
186 2446 299 2523 supra
330 2418 481 2517 legisse,
516 2419 580 2493 uhi
613 2419 768 2494 alterum
801 2422 963 2520 corporis
987 2409 1090 2493 latus

128 2540 217 2638 dum
241 2539 350 2620 inid
382 2539 478 2637 aegri
498 2538 808 2637 devolverentur,
841 2551 1011 2615 tremeret
1031 2541 1091 2633 :(3)
1122 2588 1124 2594 .

123 2649 193 2735 vel'
210 2661 483 2758 obstupesceret
499 2658 557 2752 (4).
573 2659 763 2734 Marcotur
785 2655 941 2756 denique
954 2657 1092 2731 :sudori
1114 2709 1116 2714 -
1165 2723 1167 2730 s
1214 2741 1217 2750 ι

124 2780 236 2854 faciei
261 2781 446 2882 sinistrae,
471 2803 493 2850 a
518 2804 590 2877 quo
617 2804 712 2876 non,
729 2777 939 2882 nisiquum
956 2777 1094 2850 effusis-

131 2903 243 2998 simus
264 2913 374 2997 esset,
392 2897 573 2998 reliquum
590 2894 784 2972 dimidium
802 2921 933 2996 corpus
948 2899 988 2970 in
1007 2923 1095 2971 con·

116 3023 278 3100 ,sensum
304 3009 522 3110 vocabatur,
540 3017 581 3092 id
596 3016 777 3118 peculiare
804 3028 900 3117 erat,
925 3015 1024 3116 quod
1050 3017 1095 3088 ab

451 3303 795 3333 m
908 3330 913 3337 x

141 3471 181 3532 (ι)
197 3423 348 3520 Hmruarr.
365 3466 384 3518 l.
403 3483 427 3518 c.

142 3559 181 3618 (a)
198 3555 259 3607 loco
277 3569 358 3626 supra
374 3553 419 3606 cit.
523 3621 525 3624 Ι

140 3642 182 3723 ¹(3)
201 3641 229 3708 ς.
247 3641 289 3694 25.

135 3729 185 3824 tt)
204 3729 230 3797 S·
249 3730 291 3820 ⁵3·
