2594 4474
1003 321 1040 365 11

109 441 130 487 a
145 411 392 489 veterioribus
403 409 449 482 de
466 409 627 509 corporis
642 407 853 510 duplicitate
869 411 959 486 latas
976 411 1070 488 bene

109 534 330 634 compositas
354 545 392 604 et
408 530 613 604 doctrinam
631 529 678 604 de
693 555 888 606 nervorum
905 531 1071 606 decussa-

109 657 210 728 tione
236 652 375 752 egregie
400 648 614 752 explicatam
638 645 824 726 invenies:
856 651 957 752 quod
983 677 1070 728 vero
1123 731 1125 736 ,

107 772 206 848 solos
233 773 308 844 fere
333 768 481 845 morbos
513 769 721 844 dimidiatos
752 785 972 870 pertractat,
1002 759 1073 844 fre·

111 894 300 994 quantiam
316 889 528 966 morborum
542 892 582 964 in
598 903 752 991 utroque
766 890 876 964 latere
892 863 1082 966 diuersaml

110 1037 158 1087 ne
186 1016 301 1110 tangit
326 1010 481 1112 quidem.
512 1010 567 1083 De
599 1009 669 1084 illis
703 1033 848 1110 quoque
880 1009 954 1085 iere
987 1011 1072 1086 solis

112 1136 232 1233 agitur
255 1136 295 1204 in

166 1253 360 1317 Counnsrru
381 1252 582 1316 observatiam
603 1271 625 1314 s.
647 1250 678 1312 la
700 1250 826 1316 division
853 1252 892 1314 de
918 1249 1073 1314 l’homrue

210 1380 247 1420 en
270 1360 346 1419 deux
367 1356 492 1441 grandes
514 1357 623 1441 parties
641 1355 850 1433 laterclum
863 1360 895 1420 in
916 1358 1070 1422 Journde

212 1464 321 1525 medes.
344 1464 381 1525 Τ.
403 1461 555 1524 LXXXV.

97 1633 100 1642 ,
166 1569 407 1632 Fu.0s1srrnrsa
434 1567 790 1650 Kmnllseiesgeschicbtc
817 1571 897 1630 eines
927 1572 1071 1646 Mannes,

211 1673 268 1735 der
286 1675 352 1736 blos
372 1695 414 1758 aa
434 1673 651 1738 seiner'linlten
672 1671 757 1736 Seite
784 1675 881 1740 krank
909 1698 995 1750 war,
1019 1681 1075 1739 asie

199 1783 267 1846 'der
285 1761 432 1862 Epikns'e'
453 1785 535 1845 einer
553 1779 731 1864 Einleitung
753 1783 788 1844 'in
813 1781 863 1846 die
891 1781 985 1846 belae
1013 1803 1074 1845 uon

210 1889 268 1952 der
289 1886 550 1955 Versctiedenteir
569 1887 626 1950 der
644 1888 853 1952 Kranlrlieiten
879 1887 936 1948 der
954 1909 978 1949 r.
1000 1911 1029 1947 u.
1052 1890 1072 1949 l.

203 1993 296 2073 'Scire
320 1994 511 2080 albericum
532 1998 563 2057 in
585 1994 742 2058 Abiandl.
753 1994 784 2056 d.
798 1996 889 2080 phys.
905 1993 983 2057 med.
998 1991 1071 2056 Soc.

123 2087 126 2096 ¹
157 2141 160 2148 ·
190 2085 252 2164 san
273 2084 436 2184 Erlci¹gen
458 2102 492 2162 B.
514 2102 538 2163 l.
564 2099 653 2163 1810.
676 2123 706 2186 p.
730 2102 802 2166 551.

111 2207 341 2283 Medicorum
367 2205 412 2280 de
437 2205 637 2305 frequentia
657 2207 840 2282 variorum
864 2204 1075 2279 morborum

113 2327 186 2402 alia
210 2329 250 2400 in
276 2325 346 2399 alio
372 2324 524 2398 dimidio
543 2350 693 2426 corpore
719 2325 908 2399 obseruata
934 2327 973 2397 in
999 2349 1076 2397 ma·

114 2450 211 2521 nime
235 2447 354 2520 variis
370 2447 513 2544 scriptis
545 2469 665 2542 sparsa
697 2458 791 2518 sunt.
816 2444 925 2516 Plura
955 2457 1078 2516 tamen

115 2579 371 2666 congesserunt
402 2566 660 2638 Isaurisrrurus
693 2567 732 2637 in
769 2566 1077 2639 commentatione

117 2683 264 2758 laudata
289 2690 327 2757 et

172 2805 363 2870 Memnon
390 2805 428 2866 de
458 2804 572 2864 morbis
593 2777 798 2887 'symmetricis
831 2816 862 2863 et
889 2803 1080 2884 asymmetri·
1136 2817 1138 2822 ’

194 2925 195 2930 ’
214 2914 342 3001 cis-in
357 2912 449 2994 ipsius
465 2907 612 2972 fasciculis
624 2908 830 2994 pathologiqis.
844 2904 968 2970 Mediol.
989 2903 1081 3002 17897

214 3016 269 3076 ΝΡ.
298 3039 321 3078 r.

118 3119 300 3197 Nonnulla
327 3107 469 3221 quoque
496 3117 701 3229 de'morbis
720 3117 879 3192 hominis
902 3113 1018 3188 dextri
1039 3095 1081 3185 et

121 3245 254 3316 sinistri
278 3243 318 3314 in
348 3241 597 3314 dissertatione
632 3241 833 3340 composita
860 3251 945 3310 sunt
971 3257 1108 3334 quam.

122 3369 191 3440 iam
218 3362 345 3462 attuli,
373 3359 417 3434 ab
445 3362 565 3434 Annru
592 3355 699 3432 edita.
