<?xml version="1.0" encoding="UTF-8"?>
<!DOCTYPE html PUBLIC "-//W3C//DTD XHTML 1.0 Transitional//EN"
    "http://www.w3.org/TR/xhtml1/DTD/xhtml1-transitional.dtd">
<html xmlns="http://www.w3.org/1999/xhtml" xml:lang="en" lang="en">
 <head>
  <title>
</title>
<meta http-equiv="Content-Type" content="text/html;charset=utf-8" />
  <meta name='ocr-system' content='tesseract 3.04.00' />
  <meta name='ocr-capabilities' content='ocr_page ocr_carea ocr_par ocr_line ocrx_word'/>
</head>
<body>
  <div class='ocr_page' id='page_1' title='image "./delectusopuscul02frangoog_0137.png"; bbox 0 0 2614 4476; ppageno 0'>
   <div class='ocr_carea' id='block_1_1' title="bbox 127 59 1304 3364">
    <p class='ocr_par' dir='ltr' id='par_1_1' title="bbox 127 59 1304 3364">
     <span class='ocr_line' id='line_1_1' title="bbox 1295 59 1299 320; baseline -0.001 37.004"><span class='ocrx_word' id='word_1_1' title='bbox 1295 59 1299 320; x_wconf 62' lang='lat' dir='ltr'><strong>i</strong></span> 
     </span>
     <span class='ocr_line' id='line_1_2' title="bbox 237 377 1300 506; baseline -0.006 -27"><span class='ocrx_word' id='word_1_2' title='bbox 237 405 377 506; x_wconf 88' lang='lat' dir='ltr'><strong>hepatis</strong></span> <span class='ocrx_word' id='word_1_3' title='bbox 395 400 452 476; x_wconf 88' lang='lat' dir='ltr'><strong>vel</strong></span> <span class='ocrx_word' id='word_1_4' title='bbox 467 398 573 474; x_wconf 89' lang='lat' dir='ltr'><strong>lienis</strong></span> <span class='ocrx_word' id='word_1_5' title='bbox 599 377 895 476; x_wconf 86' lang='lat' dir='ltr'><strong>inflammationis</strong></span> <span class='ocrx_word' id='word_1_6' title='bbox 916 413 1126 500; x_wconf 85' lang='lat' dir='ltr'><strong>symptoma</strong></span> <span class='ocrx_word' id='word_1_7' title='bbox 1145 427 1203 474; x_wconf 90' lang='lat' dir='ltr'><strong>cu·</strong></span> <span class='ocrx_word' id='word_1_8' title='bbox 1299 482 1300 504; x_wconf 13' lang='grc' dir='ltr'>χ</span> 
     </span>
     <span class='ocr_line' id='line_1_3' title="bbox 237 521 1300 622; baseline -0.005 -25"><span class='ocrx_word' id='word_1_9' title='bbox 237 539 383 598; x_wconf 84' lang='lat' dir='ltr'><strong>teneam</strong></span> <span class='ocrx_word' id='word_1_10' title='bbox 408 522 639 622; x_wconf 71' lang='lat' dir='ltr'>eruptionem</span> <span class='ocrx_word' id='word_1_11' title='bbox 656 521 762 594; x_wconf 89' lang='lat' dir='ltr'><strong>nobis</strong></span> <span class='ocrx_word' id='word_1_12' title='bbox 781 521 1067 621; x_wconf 84' lang='lat' dir='ltr'><strong>descripserunt,</strong></span> <span class='ocrx_word' id='word_1_13' title='bbox 1094 543 1205 620; x_wconf 83' lang='lat' dir='ltr'><strong>quem</strong></span> <span class='ocrx_word' id='word_1_14' title='bbox 1299 563 1300 592; x_wconf 75' lang='lat'>1</span> 
     </span>
     <span class='ocr_line' id='line_1_4' title="bbox 238 623 1205 745; baseline -0.007 -26"><span class='ocrx_word' id='word_1_15' title='bbox 238 669 369 720; x_wconf 84' lang='lat' dir='ltr'><strong>zonam</strong></span> <span class='ocrx_word' id='word_1_16' title='bbox 406 623 580 715; x_wconf 83' lang='lat' dir='ltr'><strong>nostram</strong></span> <span class='ocrx_word' id='word_1_17' title='bbox 601 667 678 714; x_wconf 88' lang='lat' dir='ltr'><strong>esse</strong></span> <span class='ocrx_word' id='word_1_18' title='bbox 689 697 700 740; x_wconf 85' lang='lat'>,</span> <span class='ocrx_word' id='word_1_19' title='bbox 739 641 843 745; x_wconf 77' lang='lat' dir='ltr'><strong>facile</strong></span> <span class='ocrx_word' id='word_1_20' title='bbox 874 665 1069 739; x_wconf 84' lang='lat' dir='ltr'><strong>agnosces:</strong></span> <span class='ocrx_word' id='word_1_21' title='bbox 1103 639 1205 740; x_wconf 91' lang='lat' dir='ltr'><strong>quod</strong></span> 
     </span>
     <span class='ocr_line' id='line_1_5' title="bbox 238 761 1205 862; baseline -0.002 -26"><span class='ocrx_word' id='word_1_22' title='bbox 238 766 476 838; x_wconf 80' lang='lat' dir='ltr'><strong>Gunnumuus</strong></span> <span class='ocrx_word' id='word_1_23' title='bbox 504 776 660 862; x_wconf 90' lang='lat' dir='ltr'><strong>quatuor</strong></span> <span class='ocrx_word' id='word_1_24' title='bbox 683 763 722 834; x_wconf 92' lang='lat' dir='ltr'><strong>in</strong></span> <span class='ocrx_word' id='word_1_25' title='bbox 749 762 890 836; x_wconf 77' lang='lat' dir='ltr'><strong>casibus</strong></span> <span class='ocrx_word' id='word_1_26' title='bbox 910 761 1051 860; x_wconf 87' lang='lat' dir='ltr'><strong>hepatis</strong></span> <span class='ocrx_word' id='word_1_27' title='bbox 1076 773 1114 834; x_wconf 89' lang='lat' dir='ltr'><strong>et</strong></span> <span class='ocrx_word' id='word_1_28' title='bbox 1140 785 1205 861; x_wconf 91' lang='lat' dir='ltr'><strong>pe-</strong></span> 
     </span>
     <span class='ocr_line' id='line_1_6' title="bbox 238 881 1205 981; baseline -0.004 -21"><span class='ocrx_word' id='word_1_29' title='bbox 238 888 348 960; x_wconf 87' lang='lat' dir='ltr'><strong>ctoris</strong></span> <span class='ocrx_word' id='word_1_30' title='bbox 374 883 517 958; x_wconf 89' lang='lat' dir='ltr'><strong>dolores</strong></span> <span class='ocrx_word' id='word_1_31' title='bbox 534 898 572 956; x_wconf 91' lang='lat' dir='ltr'><strong>et</strong></span> <span class='ocrx_word' id='word_1_32' title='bbox 588 881 798 956; x_wconf 82' lang='lat' dir='ltr'><strong>tussiculam</strong></span> <span class='ocrx_word' id='word_1_33' title='bbox 822 884 1014 981; x_wconf 84' lang='lat' dir='ltr'><strong>eruptione</strong></span> <span class='ocrx_word' id='word_1_34' title='bbox 1040 883 1119 955; x_wconf 89' lang='lat' dir='ltr'><strong>eius</strong></span> <span class='ocrx_word' id='word_1_35' title='bbox 1145 907 1205 956; x_wconf 89' lang='lat' dir='ltr'><strong>so·</strong></span> 
     </span>
     <span class='ocr_line' id='line_1_7' title="bbox 196 997 1234 1104; baseline -0.001 -27"><span class='ocrx_word' id='word_1_36' title='bbox 196 1082 199 1096; x_wconf 62' lang='lat'>‚</span> <span class='ocrx_word' id='word_1_37' title='bbox 236 1003 344 1080; x_wconf 82' lang='lat' dir='ltr'><strong>lutos</strong></span> <span class='ocrx_word' id='word_1_38' title='bbox 360 1005 474 1080; x_wconf 88' lang='lat' dir='ltr'><strong>vidit:</strong></span> <span class='ocrx_word' id='word_1_39' title='bbox 502 1004 603 1104; x_wconf 92' lang='lat' dir='ltr'><strong>quod</strong></span> <span class='ocrx_word' id='word_1_40' title='bbox 628 997 796 1079; x_wconf 88' lang='lat' dir='ltr'><strong>nonnulli</strong></span> <span class='ocrx_word' id='word_1_41' title='bbox 821 1029 952 1083; x_wconf 85' lang='lat' dir='ltr'><strong>zonam</strong></span> <span class='ocrx_word' id='word_1_42' title='bbox 978 1029 1101 1102; x_wconf 82' lang='lat' dir='ltr'><strong>graves</strong></span> <span class='ocrx_word' id='word_1_43' title='bbox 1127 1005 1203 1076; x_wconf 89' lang='lat' dir='ltr'><strong>irae</strong></span> <span class='ocrx_word' id='word_1_44' title='bbox 1231 1083 1234 1088; x_wconf 59' lang='grc'>,</span> 
     </span>
     <span class='ocr_line' id='line_1_8' title="bbox 236 1123 1204 1224; baseline -0.001 -25"><span class='ocrx_word' id='word_1_45' title='bbox 236 1124 393 1200; x_wconf 91' lang='lat' dir='ltr'><strong>insultus</strong></span> <span class='ocrx_word' id='word_1_46' title='bbox 419 1137 705 1224; x_wconf 79' lang='lat' dir='ltr'><strong>consequentem</strong></span> <span class='ocrx_word' id='word_1_47' title='bbox 738 1123 977 1198; x_wconf 83' lang='lat' dir='ltr'><strong>observarunt</strong></span> <span class='ocrx_word' id='word_1_48' title='bbox 1009 1128 1068 1217; x_wconf 87' lang='lat' dir='ltr'><strong>(r).</strong></span> <span class='ocrx_word' id='word_1_49' title='bbox 1098 1125 1204 1215; x_wconf 84' lang='lat' dir='ltr'><strong>Quae</strong></span> 
     </span>
     <span class='ocr_line' id='line_1_9' title="bbox 236 1242 1204 1345; baseline -0.001 -27"><span class='ocrx_word' id='word_1_50' title='bbox 236 1261 358 1320; x_wconf 86' lang='lat' dir='ltr'><strong>autem</strong></span> <span class='ocrx_word' id='word_1_51' title='bbox 375 1271 520 1345; x_wconf 90' lang='lat' dir='ltr'><strong>quoque</strong></span> <span class='ocrx_word' id='word_1_52' title='bbox 545 1271 583 1317; x_wconf 90' lang='lat' dir='ltr'><strong>se</strong></span> <span class='ocrx_word' id='word_1_53' title='bbox 609 1245 770 1318; x_wconf 86' lang='lat' dir='ltr'><strong>habeant</strong></span> <span class='ocrx_word' id='word_1_54' title='bbox 794 1243 922 1343; x_wconf 84' lang='lat' dir='ltr'><strong>modo,</strong></span> <span class='ocrx_word' id='word_1_55' title='bbox 948 1242 1204 1345; x_wconf 78' lang='lat' dir='ltr'><strong>sympathicus</strong></span> 
     </span>
     <span class='ocr_line' id='line_1_10' title="bbox 236 1362 1203 1464; baseline -0.004 -25"><span class='ocrx_word' id='word_1_56' title='bbox 236 1393 369 1441; x_wconf 90' lang='lat' dir='ltr'><strong>nervus</strong></span> <span class='ocrx_word' id='word_1_57' title='bbox 399 1364 589 1439; x_wconf 89' lang='lat' dir='ltr'><strong>vinculum</strong></span> <span class='ocrx_word' id='word_1_58' title='bbox 621 1380 697 1464; x_wconf 75' lang='lat' dir='ltr'><strong>est,</strong></span> <span class='ocrx_word' id='word_1_59' title='bbox 728 1365 829 1464; x_wconf 90' lang='lat' dir='ltr'><strong>quod</strong></span> <span class='ocrx_word' id='word_1_60' title='bbox 853 1378 974 1438; x_wconf 85' lang='lat' dir='ltr'><strong>cutem</strong></span> <span class='ocrx_word' id='word_1_61' title='bbox 1008 1379 1095 1439; x_wconf 81' lang='lat' dir='ltr'><strong>cu&#39;m</strong></span> <span class='ocrx_word' id='word_1_62' title='bbox 1129 1362 1203 1436; x_wconf 88' lang='lat' dir='ltr'><strong>illis</strong></span> 
     </span>
     <span class='ocr_line' id='line_1_11' title="bbox 236 1485 1204 1588; baseline -0.003 -27"><span class='ocrx_word' id='word_1_63' title='bbox 236 1485 433 1588; x_wconf 87' lang='lat' dir='ltr'><strong>visceribus</strong></span> <span class='ocrx_word' id='word_1_64' title='bbox 469 1488 655 1560; x_wconf 88' lang='lat' dir='ltr'><strong>connectit</strong></span> <span class='ocrx_word' id='word_1_65' title='bbox 687 1487 925 1584; x_wconf 87' lang='lat' dir='ltr'><strong>intimamque</strong></span> <span class='ocrx_word' id='word_1_66' title='bbox 957 1509 1085 1560; x_wconf 91' lang='lat' dir='ltr'><strong>eorum</strong></span> <span class='ocrx_word' id='word_1_67' title='bbox 1111 1509 1204 1558; x_wconf 90' lang='lat' dir='ltr'><strong>con·</strong></span> 
     </span>
     <span class='ocr_line' id='line_1_12' title="bbox 236 1605 1303 1706; baseline -0.002 -28"><span class='ocrx_word' id='word_1_68' title='bbox 236 1607 471 1706; x_wconf 85' lang='lat' dir='ltr'><strong>spirationem</strong></span> <span class='ocrx_word' id='word_1_69' title='bbox 496 1605 544 1678; x_wconf 88' lang='lat' dir='ltr'><strong>ad</strong></span> <span class='ocrx_word' id='word_1_70' title='bbox 567 1631 682 1679; x_wconf 90' lang='lat' dir='ltr'><strong>unum</strong></span> <span class='ocrx_word' id='word_1_71' title='bbox 712 1629 885 1702; x_wconf 83' lang='lat' dir='ltr'><strong>magnum</strong></span> <span class='ocrx_word' id='word_1_72' title='bbox 913 1606 1025 1678; x_wconf 90' lang='lat' dir='ltr'><strong>finem</strong></span> <span class='ocrx_word' id='word_1_73' title='bbox 1057 1617 1181 1678; x_wconf 85' lang='lat' dir='ltr'><strong>servat</strong></span> <span class='ocrx_word' id='word_1_74' title='bbox 1193 1658 1204 1701; x_wconf 90' lang='lat'><em>‚</em></span> <span class='ocrx_word' id='word_1_75' title='bbox 1302 1699 1303 1704; x_wconf 5' lang='grc' dir='ltr'>ἵ</span> 
     </span>
     <span class='ocr_line' id='line_1_13' title="bbox 237 1723 1203 1823; baseline 0.001 -27"><span class='ocrx_word' id='word_1_76' title='bbox 237 1737 274 1796; x_wconf 88' lang='lat' dir='ltr'><strong>et</strong></span> <span class='ocrx_word' id='word_1_77' title='bbox 309 1749 375 1823; x_wconf 85' lang='lat' dir='ltr'><strong>per</strong></span> <span class='ocrx_word' id='word_1_78' title='bbox 400 1749 484 1796; x_wconf 90' lang='lat' dir='ltr'><strong>enm</strong></span> <span class='ocrx_word' id='word_1_79' title='bbox 509 1728 548 1796; x_wconf 91' lang='lat' dir='ltr'><strong>in</strong></span> <span class='ocrx_word' id='word_1_80' title='bbox 573 1749 664 1798; x_wconf 85' lang='lat' dir='ltr'><strong>zona</strong></span> <span class='ocrx_word' id='word_1_81' title='bbox 698 1724 743 1797; x_wconf 91' lang='lat' dir='ltr'><strong>ab</strong></span> <span class='ocrx_word' id='word_1_82' title='bbox 776 1723 923 1798; x_wconf 91' lang='lat' dir='ltr'><strong>illorum</strong></span> <span class='ocrx_word' id='word_1_83' title='bbox 953 1724 1045 1814; x_wconf 83' lang='lat' dir='ltr'><strong>vitio</strong></span> <span class='ocrx_word' id='word_1_84' title='bbox 1078 1725 1203 1797; x_wconf 82' lang='lat' dir='ltr'><strong>n&#39;ervis</strong></span> 
     </span>
     <span class='ocr_line' id='line_1_14' title="bbox 238 1841 1304 1962; baseline -0.001 -45"><span class='ocrx_word' id='word_1_85' title='bbox 238 1846 330 1918; x_wconf 88' lang='lat' dir='ltr'><strong>cutis</strong></span> <span class='ocrx_word' id='word_1_86' title='bbox 355 1843 503 1917; x_wconf 87' lang='lat' dir='ltr'><strong>morbus</strong></span> <span class='ocrx_word' id='word_1_87' title='bbox 527 1844 653 1917; x_wconf 86' lang='lat' dir='ltr'><strong>inferri</strong></span> <span class='ocrx_word' id='word_1_88' title='bbox 677 1844 830 1919; x_wconf 85' lang='lat' dir='ltr'><strong>videtur.</strong></span> <span class='ocrx_word' id='word_1_89' title='bbox 857 1841 1114 1944; x_wconf 80' lang='lat' dir='ltr'><strong>Sympathicus</strong></span> <span class='ocrx_word' id='word_1_90' title='bbox 1141 1867 1204 1927; x_wconf 68' lang='lat' dir='ltr'><strong>art·</strong></span> <span class='ocrx_word' id='word_1_91' title='bbox 1301 1869 1304 1962; x_wconf 47' lang='lat' dir='ltr'><strong>p</strong></span> 
     </span>
     <span class='ocr_line' id='line_1_15' title="bbox 238 1962 1202 2064; baseline -0.002 -26"><span class='ocrx_word' id='word_1_92' title='bbox 238 1977 313 2038; x_wconf 84' lang='lat' dir='ltr'><strong>tem</strong></span> <span class='ocrx_word' id='word_1_93' title='bbox 346 1990 429 2038; x_wconf 91' lang='lat' dir='ltr'><strong>cum</strong></span> <span class='ocrx_word' id='word_1_94' title='bbox 460 1963 751 2038; x_wconf 81' lang='lat' dir='ltr'><strong>intercostalibus</strong></span> <span class='ocrx_word' id='word_1_95' title='bbox 782 1990 868 2064; x_wconf 91' lang='lat' dir='ltr'><strong>prae</strong></span> <span class='ocrx_word' id='word_1_96' title='bbox 882 1975 886 1982; x_wconf 88' lang='lat'>&#39;</span> <span class='ocrx_word' id='word_1_97' title='bbox 900 1962 1048 2062; x_wconf 86' lang='lat' dir='ltr'><strong>reliquis</strong></span> <span class='ocrx_word' id='word_1_98' title='bbox 1079 1963 1202 2036; x_wconf 86' lang='lat' dir='ltr'><strong>nervis</strong></span> 
     </span>
     <span class='ocr_line' id='line_1_16' title="bbox 236 2081 1201 2185; baseline -0.002 -29"><span class='ocrx_word' id='word_1_99' title='bbox 236 2086 441 2184; x_wconf 85' lang='lat' dir='ltr'><strong>systematis</strong></span> <span class='ocrx_word' id='word_1_100' title='bbox 458 2084 666 2184; x_wconf 81' lang='lat' dir='ltr'><strong>cerebralis,</strong></span> <span class='ocrx_word' id='word_1_101' title='bbox 683 2086 746 2185; x_wconf 84' lang='lat' dir='ltr'><strong>qui</strong></span> <span class='ocrx_word' id='word_1_102' title='bbox 764 2098 885 2159; x_wconf 90' lang='lat' dir='ltr'><strong>cutem</strong></span> <span class='ocrx_word' id='word_1_103' title='bbox 899 2081 1052 2179; x_wconf 86' lang='lat' dir='ltr'><strong>adeunt,</strong></span> <span class='ocrx_word' id='word_1_104' title='bbox 1070 2083 1201 2164; x_wconf 89' lang='lat' dir='ltr'><strong>intime</strong></span> 
     </span>
     <span class='ocr_line' id='line_1_17' title="bbox 136 2192 1201 2304; baseline -0.007 -25"><span class='ocrx_word' id='word_1_105' title='bbox 136 2192 139 2198; x_wconf 35' lang='lat'>¹</span> <span class='ocrx_word' id='word_1_106' title='bbox 237 2229 423 2280; x_wconf 84' lang='lat' dir='ltr'><strong>connexus</strong></span> <span class='ocrx_word' id='word_1_107' title='bbox 453 2219 528 2303; x_wconf 85' lang='lat' dir='ltr'><strong>est,</strong></span> <span class='ocrx_word' id='word_1_108' title='bbox 564 2204 662 2278; x_wconf 91' lang='lat' dir='ltr'><strong>unde</strong></span> <span class='ocrx_word' id='word_1_109' title='bbox 693 2229 769 2278; x_wconf 88' lang='lat' dir='ltr'><strong>esse</strong></span> <span class='ocrx_word' id='word_1_110' title='bbox 806 2218 931 2304; x_wconf 84' lang='lat' dir='ltr'><strong>putes,</strong></span> <span class='ocrx_word' id='word_1_111' title='bbox 973 2201 1073 2302; x_wconf 89' lang='lat' dir='ltr'><strong>quod</strong></span> <span class='ocrx_word' id='word_1_112' title='bbox 1106 2226 1201 2276; x_wconf 88' lang='lat' dir='ltr'><strong>zona</strong></span> 
     </span>
     <span class='ocr_line' id='line_1_18' title="bbox 233 2322 1201 2424; baseline 0.003 -27"><span class='ocrx_word' id='word_1_113' title='bbox 233 2337 406 2397; x_wconf 90' lang='lat' dir='ltr'><strong>truncum</strong></span> <span class='ocrx_word' id='word_1_114' title='bbox 424 2325 497 2398; x_wconf 76' lang='lat' dir='ltr'><strong>sere</strong></span> <span class='ocrx_word' id='word_1_115' title='bbox 523 2351 666 2424; x_wconf 89' lang='lat' dir='ltr'><strong>semper</strong></span> <span class='ocrx_word' id='word_1_116' title='bbox 690 2323 856 2422; x_wconf 85' lang='lat' dir='ltr'><strong>invadat,-</strong></span> <span class='ocrx_word' id='word_1_117' title='bbox 888 2348 971 2398; x_wconf 85' lang='lat' dir='ltr'><strong>raro</strong></span> <span class='ocrx_word' id='word_1_118' title='bbox 997 2322 1201 2400; x_wconf 89' lang='lat' dir='ltr'><strong>admodum</strong></span> 
     </span>
     <span class='ocr_line' id='line_1_19' title="bbox 235 2429 1200 2546; baseline 0.008 -31"><span class='ocrx_word' id='word_1_119' title='bbox 235 2441 308 2516; x_wconf 92' lang='lat' dir='ltr'><strong>hoc</strong></span> <span class='ocrx_word' id='word_1_120' title='bbox 332 2445 470 2517; x_wconf 90' lang='lat' dir='ltr'><strong>intacto</strong></span> <span class='ocrx_word' id='word_1_121' title='bbox 487 2447 638 2518; x_wconf 89' lang='lat' dir='ltr'><strong>omnino</strong></span> <span class='ocrx_word' id='word_1_122' title='bbox 659 2443 746 2516; x_wconf 88' lang='lat' dir='ltr'><strong>alias</strong></span> <span class='ocrx_word' id='word_1_123' title='bbox 769 2455 888 2545; x_wconf 86' lang='lat' dir='ltr'><strong>partes</strong></span> <span class='ocrx_word' id='word_1_124' title='bbox 915 2460 1080 2546; x_wconf 85' lang='lat' dir='ltr'><strong>occupet.</strong></span> <span class='ocrx_word' id='word_1_125' title='bbox 1099 2429 1200 2523; x_wconf 86' lang='lat' dir='ltr'><strong>Ner·</strong></span> 
     </span>
     <span class='ocr_line' id='line_1_20' title="bbox 235 2563 1200 2642; baseline 0.006 -6"><span class='ocrx_word' id='word_1_126' title='bbox 235 2587 364 2636; x_wconf 90' lang='lat' dir='ltr'><strong>vorum</strong></span> <span class='ocrx_word' id='word_1_127' title='bbox 390 2564 676 2640; x_wconf 85' lang='lat' dir='ltr'><strong>intercostalium</strong></span> <span class='ocrx_word' id='word_1_128' title='bbox 693 2563 825 2642; x_wconf 89' lang='lat' dir='ltr'><strong>deinde</strong></span> <span class='ocrx_word' id='word_1_129' title='bbox 843 2579 880 2638; x_wconf 89' lang='lat' dir='ltr'><strong>et</strong></span> <span class='ocrx_word' id='word_1_130' title='bbox 895 2563 1117 2640; x_wconf 90' lang='lat' dir='ltr'><strong>lumbarium</strong></span> <span class='ocrx_word' id='word_1_131' title='bbox 1144 2595 1200 2642; x_wconf 90' lang='lat' dir='ltr'><strong>su-</strong></span> 
     </span>
     <span class='ocr_line' id='line_1_21' title="bbox 235 2684 1198 2784; baseline 0.007 -28"><span class='ocrx_word' id='word_1_132' title='bbox 235 2686 419 2783; x_wconf 88' lang='lat' dir='ltr'><strong>periorum</strong></span> <span class='ocrx_word' id='word_1_133' title='bbox 435 2684 607 2759; x_wconf 80' lang='lat' dir='ltr'><strong>decursus</strong></span> <span class='ocrx_word' id='word_1_134' title='bbox 633 2699 670 2758; x_wconf 88' lang='lat' dir='ltr'><strong>et</strong></span> <span class='ocrx_word' id='word_1_135' title='bbox 695 2684 869 2784; x_wconf 89' lang='lat' dir='ltr'><strong>dispersio</strong></span> <span class='ocrx_word' id='word_1_136' title='bbox 887 2687 928 2758; x_wconf 94' lang='lat' dir='ltr'><strong>in</strong></span> <span class='ocrx_word' id='word_1_137' title='bbox 946 2699 1068 2759; x_wconf 90' lang='lat' dir='ltr'><strong>cutem</strong></span> <span class='ocrx_word' id='word_1_138' title='bbox 1088 2690 1198 2763; x_wconf 87' lang='lat' dir='ltr'><strong>ratio-</strong></span> 
     </span>
     <span class='ocr_line' id='line_1_22' title="bbox 235 2791 1252 2906; baseline 0.004 -28"><span class='ocrx_word' id='word_1_139' title='bbox 235 2827 321 2878; x_wconf 87' lang='lat' dir='ltr'><strong>nem</strong></span> <span class='ocrx_word' id='word_1_140' title='bbox 336 2803 556 2906; x_wconf 83' lang='lat' dir='ltr'><strong>suppeditat,</strong></span> <span class='ocrx_word' id='word_1_141' title='bbox 571 2831 636 2878; x_wconf 90' lang='lat' dir='ltr'><strong>cur</strong></span> <span class='ocrx_word' id='word_1_142' title='bbox 650 2806 796 2878; x_wconf 86' lang='lat' dir='ltr'><strong>zosteris</strong></span> <span class='ocrx_word' id='word_1_143' title='bbox 813 2804 1039 2905; x_wconf 90' lang='lat' dir='ltr'><strong>pustularum</strong></span> <span class='ocrx_word' id='word_1_144' title='bbox 1055 2807 1197 2882; x_wconf 91' lang='lat' dir='ltr'><strong>insulae</strong></span> <span class='ocrx_word' id='word_1_145' title='bbox 1247 2791 1252 2804; x_wconf 51' lang='lat'><strong><em>⁵</em></strong></span> 
     </span>
     <span class='ocr_line' id='line_1_23' title="bbox 234 2925 1196 3026; baseline 0.006 -30"><span class='ocrx_word' id='word_1_146' title='bbox 234 2937 377 2997; x_wconf 87' lang='lat' dir='ltr'><strong>tantum</strong></span> <span class='ocrx_word' id='word_1_147' title='bbox 402 2951 477 2998; x_wconf 91' lang='lat' dir='ltr'><strong>non</strong></span> <span class='ocrx_word' id='word_1_148' title='bbox 494 2952 635 3026; x_wconf 85' lang='lat' dir='ltr'><strong>semper</strong></span> <span class='ocrx_word' id='word_1_149' title='bbox 660 2952 703 2999; x_wconf 91' lang='lat' dir='ltr'><strong>eo</strong></span> <span class='ocrx_word' id='word_1_150' title='bbox 721 2925 864 3024; x_wconf 17' lang='lat' dir='ltr'><strong>&#39;ordine‘</strong></span> <span class='ocrx_word' id='word_1_151' title='bbox 882 2927 977 3000; x_wconf 87' lang='lat' dir='ltr'><strong>circa</strong></span> <span class='ocrx_word' id='word_1_152' title='bbox 1004 2925 1196 3002; x_wconf 90' lang='lat' dir='ltr'><strong>thoracem</strong></span> 
     </span>
     <span class='ocr_line' id='line_1_24' title="bbox 234 3044 1197 3147; baseline 0.007 -31"><span class='ocrx_word' id='word_1_153' title='bbox 234 3044 500 3120; x_wconf 83' lang='lat' dir='ltr'><strong>velabdomen</strong></span> <span class='ocrx_word' id='word_1_154' title='bbox 524 3045 719 3147; x_wconf 89' lang='lat' dir='ltr'><strong>dispositae</strong></span> <span class='ocrx_word' id='word_1_155' title='bbox 745 3049 836 3144; x_wconf 87' lang='lat' dir='ltr'><strong>sint,</strong></span> <span class='ocrx_word' id='word_1_156' title='bbox 862 3060 902 3119; x_wconf 94' lang='lat' dir='ltr'><strong>ut</strong></span> <span class='ocrx_word' id='word_1_157' title='bbox 929 3047 1078 3120; x_wconf 79' lang='lat' dir='ltr'><strong>fasciam</strong></span> <span class='ocrx_word' id='word_1_158' title='bbox 1103 3049 1197 3124; x_wconf 86' lang='lat' dir='ltr'><strong>refe-</strong></span> 
     </span>
     <span class='ocr_line' id='line_1_25' title="bbox 127 3166 1195 3265; baseline 0.006 -30"><span class='ocrx_word' id='word_1_159' title='bbox 127 3231 130 3243; x_wconf 14' lang='grc' dir='ltr'><strong>Κ</strong></span> <span class='ocrx_word' id='word_1_160' title='bbox 235 3177 333 3261; x_wconf 78' lang='lat' dir='ltr'><strong>rant,</strong></span> <span class='ocrx_word' id='word_1_161' title='bbox 359 3190 465 3264; x_wconf 89' lang='lat' dir='ltr'><strong>saepe</strong></span> <span class='ocrx_word' id='word_1_162' title='bbox 489 3168 628 3263; x_wconf 83' lang='lat' dir='ltr'><strong>integro</strong></span> <span class='ocrx_word' id='word_1_163' title='bbox 646 3167 791 3265; x_wconf 84' lang='lat' dir='ltr'><strong>cingulo</strong></span> <span class='ocrx_word' id='word_1_164' title='bbox 808 3166 999 3239; x_wconf 89' lang='lat' dir='ltr'><strong>dimidium</strong></span> <span class='ocrx_word' id='word_1_165' title='bbox 1021 3179 1195 3241; x_wconf 74' lang='lat' dir='ltr'><strong>nuncum</strong></span> 
     </span>
     <span class='ocr_line' id='line_1_26' title="bbox 235 3281 1195 3364; baseline 0 -4"><span class='ocrx_word' id='word_1_166' title='bbox 235 3284 482 3360; x_wconf 84' lang='lat' dir='ltr'><strong>circumdent:</strong></span> <span class='ocrx_word' id='word_1_167' title='bbox 519 3299 641 3360; x_wconf 87' lang='lat' dir='ltr'><strong>exacte</strong></span> <span class='ocrx_word' id='word_1_168' title='bbox 667 3289 766 3360; x_wconf 89' lang='lat' dir='ltr'><strong>enim</strong></span> <span class='ocrx_word' id='word_1_169' title='bbox 791 3311 882 3362; x_wconf 89' lang='lat' dir='ltr'><strong>zona</strong></span> <span class='ocrx_word' id='word_1_170' title='bbox 908 3312 1038 3361; x_wconf 89' lang='lat' dir='ltr'><strong>nervos</strong></span> <span class='ocrx_word' id='word_1_171' title='bbox 1059 3281 1148 3364; x_wconf 57' lang='lat' dir='ltr'><strong>*illos</strong></span> <span class='ocrx_word' id='word_1_172' title='bbox 1174 3315 1195 3360; x_wconf 90' lang='lat' dir='ltr'><strong>a</strong></span> 
     </span>
    </p>
   </div>
   <div class='ocr_carea' id='block_1_2' title="bbox 491 3437 495 3474">
    <p class='ocr_par' dir='ltr' id='par_1_2' title="bbox 491 3437 495 3474">
     <span class='ocr_line' id='line_1_27' title="bbox 491 3437 495 3474; baseline 0 0"><span class='ocrx_word' id='word_1_173' title='bbox 491 3437 495 3474; x_wconf 78' lang='lat' dir='ltr'><strong>t</strong></span> 
     </span>
    </p>
   </div>
   <div class='ocr_carea' id='block_1_3' title="bbox 570 3611 868 3632">
    <p class='ocr_par' dir='ltr' id='par_1_3' title="bbox 570 3611 868 3632">
     <span class='ocr_line' id='line_1_28' title="bbox 570 3611 868 3632; baseline -0.003 -2"><span class='ocrx_word' id='word_1_174' title='bbox 570 3611 868 3632; x_wconf 59' lang='lat' dir='ltr'><strong>m</strong></span> 
     </span>
    </p>
   </div>
   <div class='ocr_carea' id='block_1_4' title="bbox 240 3783 816 3858">
    <p class='ocr_par' dir='ltr' id='par_1_4' title="bbox 240 3783 816 3858">
     <span class='ocr_line' id='line_1_29' title="bbox 240 3783 816 3858; baseline 0.01 -24"><span class='ocrx_word' id='word_1_175' title='bbox 240 3789 279 3849; x_wconf 89' lang='lat' dir='ltr'><strong>(t)</strong></span> <span class='ocrx_word' id='word_1_176' title='bbox 296 3783 417 3838; x_wconf 66' lang='lat' dir='ltr'><strong>ninere</strong></span> <span class='ocrx_word' id='word_1_177' title='bbox 435 3787 452 3839; x_wconf 89' lang='grc'><strong>1.</strong></span> <span class='ocrx_word' id='word_1_178' title='bbox 470 3803 493 3839; x_wconf 86' lang='lat' dir='ltr'><strong>c.</strong></span> <span class='ocrx_word' id='word_1_179' title='bbox 511 3803 537 3858; x_wconf 90' lang='lat' dir='ltr'><strong>p.</strong></span> <span class='ocrx_word' id='word_1_180' title='bbox 555 3785 613 3854; x_wconf 70' lang='lat'><strong>34⁵.</strong></span> <span class='ocrx_word' id='word_1_181' title='bbox 631 3795 686 3842; x_wconf 86' lang='lat' dir='ltr'><strong>not.</strong></span> <span class='ocrx_word' id='word_1_182' title='bbox 704 3789 762 3842; x_wconf 73' lang='lat'><strong>252.</strong></span> <span class='ocrx_word' id='word_1_183' title='bbox 805 3841 816 3858; x_wconf 31' lang='lat' dir='ltr'>q</span> 
     </span>
    </p>
   </div>
   <div class='ocr_carea' id='block_1_5' title="bbox 0 0 1312 4476">
    <p class='ocr_par' dir='ltr' id='par_1_5' title="bbox 0 0 1312 4476">
     <span class='ocr_line' id='line_1_30' title="bbox 0 0 1312 4476; baseline 0 0"><span class='ocrx_word' id='word_1_184' title='bbox 0 0 1312 4476; x_wconf 95' lang='lat' dir='ltr'><strong> </strong></span> 
     </span>
    </p>
   </div>
  </div>
 </body>
</html>
