2586 4480
950 265 969 322 ,ι

96 353 246 458 ridetcr3
270 360 309 431 in
335 356 552 433 cadaverum
576 355 799 432 sectionibus
825 359 925 434 enim
950 242 1047 436 ahie

19 535 21 544 t
94 477 225 552 collatis
250 479 490 580 frequentius,
516 501 627 580 qnam
656 477 783 553 dextra
815 478 940 582 pleura
954 537 974 580 ,‚
997 485 1046 556 si·

91 600 195 672 nistra
219 598 356 702 absque
380 600 494 701 ipsius
518 599 702 701 pulmonis
734 603 929 678 manifesto
954 605 1045 679 vitio

90 717 287 794 adhaesisse
311 720 402 794 mihi
427 722 505 802 visa
522 733 588 820 est,
604 719 804 821 eademque
827 721 1044 824 plerumque

89 838 172 938 fuit,
198 841 262 914 uhi
288 842 490 916 firmissime
515 841 727 916 alterutram
752 841 956 918 adhaesisse
990 869 1045 918 re·

88 958 252 1035 tulerunt
270 963 419 1037 Sinister
435 987 628 1063 processus
646 961 820 1060 vaginalis
842 965 1045 1063 peritonaei

88 1077 208 1154 daxtm
239 1085 349 1156 eitius
381 1096 419 1156 et
449 1083 587 1157 firmius
621 1081 822 1156 coalescere
847 1081 959 1181 solet,
984 1099 1048 1182 et,-

86 1201 121 1304 ni
145 1201 268 1302 fallor,
294 1207 436 1304 saepius
461 1204 572 1277 etiam
587 1201 662 1276 lien
688 1229 773 1276 cum
797 1202 964 1303 partibus
989 1206 1044 1278 vi·

86 1320 170 1394 cinis
214 1323 441 1398 abnormiter
483 1326 710 1426 concrevisse
757 1323 1046 1425 deprehenditur

85 1465 189 1541 quam
220 1445 345 1546 hepar.
378 1448 526 1519 Praeter
558 1445 796 1520 adhaesiones
836 1471 922 1520 uero
962 1443 1045 1525 illas,

83 1560 221 1657 pleurae
256 1578 293 1638 et
329 1561 554 1666 hydrocelen
590 1568 789 1664 cystieam,
823 1587 935 1664 qnam
966 1566 1039 1640 iam

82 1702 184 1780 supra
218 1711 302 1760 cum
335 1687 462 1759 ceteris
494 1685 703 1785 hydrocelis
737 1683 962 1781 conciliavi,
996 1683 1040 1760 de

84 1802 174 1876 nnlla
211 1805 367 1882 omnino
403 1809 679 1879 secretariorum
710 1805 804 1878 hanc
837 1807 877 1878 in
910 1807 1041 1878 seriem

82 1926 339 2017 pertinentium
364 1951 582 2025 organorum
599 1927 789 2000 affectione
814 1925 1039 2000 relatumiu·

81 2046 187 2142 venis
201 2049 242 2120 in
268 2046 380 2120 latere
397 2046 525 2120 dextro
543 2047 769 2146 frequentius
788 2071 867 2118 eam
886 2045 1042 2120 obveni-

81 2187 124 2234 re.
147 2165 395 2241 Nihilominus
412 2181 534 2240 tamen
553 2181 667 2240 certas
683 2165 859 2266 quasdam
874 2168 1038 2266 ipsorum

81 2280 370 2382 degenerationes
410 2287 496 2360 huic
541 2288 644 2360 lateri
683 2289 795 2385 magis
837 2286 1043 2387 peculiares

81 2419 151 2477 esse
183 2433 261 2484 non
293 2407 405 2482 modo
440 2433 515 2484 non
548 2434 693 2506 negem,
720 2407 786 2482 sed
809 2411 932 2509 potins
960 2433 1043 2482 cre·

80 2518 169 2604 darn.
796 2560 799 2562 ·

87 2671 90 2679 ·
138 2650 286 2742 ·§.-1do.
312 2651 362 2722 In·
382 2654 537 2750 eorpore'
561 2642 688 2722 dextro
714 2661 841 2724 contra
867 2673 911 2720 ex
929 2672 1036 2747 sym.-

79 2769 232 2852 mtlrioe,
250 2768 296 2842 ab
323 2784 475 2871 utraque
499 2783 605 2871 parte
629 2769 814 2869 dispositis
831 2768 974 2864 organis
993 2794 1035 2842 ea

80 2878 706 2990 frequentiustaborareroperimus‚
724 2913 816 2987 qnae
834 2913 910 2960 non
926 2911 1036 2986 aquo·

72 3022 190 3079 surum
222 3009 482 3112 anulorumque
515 3010 734 3110 separationi
769 3008 889 3080 dicata
928 3019 1036 3104 suut5

81 3127 212 3202 cerebri
229 3130 369 3204 scilicet
385 3130 710 3231 hemisphaerium,
734 3127 968 3228 pulmonem,
987 3139 1035 3199 te·

78 3252 186 3346 stem,
211 3251 393 3348 orarium,
418 3253 544 3350 (enjus
570 3249 778 3350 hydropem
804 3261 926 3320 tamen
944 3247 1036 3321 exci-

79 3362 188 3464 pias7)
215 3369 346 3469 quibus
372 3370 486 3470 hepar
510 3397 547 3444 se
575 3369 737 3466 adiungit
763 3368 809 3441 ab
836 3367 907 3439 hoc
925 3365 1035 3438 latere

79 3482 204 3562 situm
222 3489 326 3562 Solae
353 3489 543 3590 glandulae
568 3488 806 3588 conglobatae
832 3486 877 3561 de
899 3512 941 3558 ea
958 3485 1035 3581 lege

79 3598 277 3708 decedunt,
297 3611 340 3681 in
367 3612 513 3684 sinistro
539 3609 649 3684 latere
676 3610 817 3708 saepius
847 3619 1034 3703 aegrotan-

81 3727 148 3818 tes,
173 3751 297 3832 aarum
313 3751 399 3801 vero
417 3727 532 3826 qualis
549 3727 696 3828 proprie
712 3727 760 3799 sit
776 3724 933 3820 functio,
955 3722 1035 3822 quis
