2614 4476
215 381 255 451 in
281 381 367 479 viri,
393 382 495 454 euius
513 327 688 454 dextrum
712 381 808 456 latus
840 381 1068 456 arthritidem
1100 409 1182 484 per·
1300 447 1301 450 ,

216 515 383 600 vagatum
412 527 490 576 esse
520 503 704 601 meminit,
734 500 887 575 brachio
913 502 1040 577 dextro
1066 505 1181 578 inter-

215 622 422 696 mittentem
445 622 660 723 plerumque
685 636 723 696 et
745 621 974 723 inaequalem
1006 637 1116 723 atque
1141 627 1183 697 in

216 743 307 818 alius
332 743 412 818 solo
437 744 581 817 sinistro
607 744 709 817 omni
734 742 1036 844 inaequalitatum
1051 769 1183 842 genere

214 879 430 966 peccantem
462 862 668 944 observavit
701 867 759 958 (r).
793 865 892 957 Quin
921 862 980 938 vel
1011 865 1092 963 ipsa
1126 889 1183 937 ar-

138 1045 144 1055 ,
214 987 327 1070 teriae
359 987 509 1080 ictuum
550 984 758 1086 frequentia
797 965 1079 1085 nonnunquam
1105 999 1184 1061 non
1302 1013 1303 1084 t

215 1105 343 1180 eadem
368 1121 424 1180 est
447 1109 488 1180 in
512 1121 667 1206 utroque
685 1129 804 1205 carpo.
822 1105 1111 1182 Zruusnuinrrus
1134 1112 1183 1198 (2)
1302 1089 1303 1106 i

215 1229 255 1300 in
282 1227 422 1301 femina
434 1283 445 1326 ‚
482 1230 543 1301 cui
574 1227 689 1302 dextri
725 1227 839 1300 cruris
872 1227 1014 1324 frigoris
1054 1247 1184 1318 sensus

216 1346 390 1423 molestus
415 1362 453 1422 et
477 1347 712 1422 incalescenti
737 1349 923 1422 sinistrum
949 1346 1184 1446 corporis'la·

217 1481 275 1540 tus
303 1466 429 1542 dextro
454 1495 599 1570 semper
623 1467 776 1545 calidius
801 1482 879 1541 erat
904 1466 1096 1567 solumque
1127 1494 1184 1541 su·

215 1585 344 1687 dabat,
371 1588 536 1664 dextram
561 1591 730 1663 arteriam
754 1587 928 1664 radialem
953 1589 1089 1688 reperit
1117 1613 1185 1688 per

213 1707 348 1784 multas
371 1712 592 1812 septimanas
605 1711 772 1784 maxime
789 1707 959 1784 debiliter
974 1710 1011 1782 et
1030 1709 1182 1781 nonnisi

216 1831 492 1932 quinquagesies
525 1831 717 1931 quinquies
755 1831 888 1904 minuti
921 1831 1031 1930 primi
1064 1830 1192 1928 spatie!
1305 1920 1306 1942 Χ

214 1950 380 2052 pulsare,
405 1952 587 2025 sinistram
614 1963 735 2026 autem
768 1951 912 2028 fortiter
942 1975 1088 2062 semper
1120 1951 1186 2021 mi·

217 2096 299 2146 care
326 2085 364 2150 et
388 2066 436 2145 ad
460 2085 558 2171 92⁸¹¹¹
582 2072 699 2146 ictum
723 2071 922 2175 pervenire.
948 2069 1107 2172 Hiertam
1135 2067 1184 2162 (3)

212 2189 410 2292 aliquando
448 2190 614 2270 dextram
651 2190 859 2268 observavit
891 2189 965 2292 95,
999 2191 1186 2266 sinistram
1243 2206 1250 2222 ·

213 2309 265 2384 ad
287 2295 355 2386 rra
373 2326 412 2386 et
432 2311 499 2387 115
516 2311 644 2413 pulsus
658 2337 726 2414 per
740 2311 878 2413 aliquot
908 2311 1186 2386 horas'minuto

216 2423 361 2533 quoque
385 2434 506 2535 primo
532 2433 660 2516 faeere.
686 2434 901 2508 Knrrsrerus
923 2434 971 2527 (4)
997 2433 1038 2504 in
1064 2429 1185 2530 cardi·

214 2552 291 2627 tide
315 2578 422 2654 aegro
448 2579 555 2628 mane
581 2567 668 2628 ante
695 2553 793 2628 diem
818 2539 1028 2654 supremum
1043 2551 1084 2624 in
1102 2550 1185 2627 dex·

215 2689 273 2750 tro
309 2700 419 2776 carpo
454 2675 528 2774 32,
564 2677 605 2748 in
637 2677 784 2749 sinistro
818 2675 869 2766 84
903 2672 1053 2748 arteriae
1087 2673 1184 2754 ictus

213 2797 427 2894 numeravit,
443 2793 596 2868 meridie
611 2797 652 2870 in
668 2809 823 2894 utroque
840 2790 1029 2894 aequalem
1046 2790 1183 2864 iterum

182 2897 185 2902 λ
216 2916 452 3016 quinquagies
467 2915 825 3013 micanteminvenit·
837 2926 875 2988 et
888 2913 1125 2988 Monesentus
1134 2905 1182 3001 (5)

542 3252 853 3282 m

220 3448 259 3509 (ι)
276 3443 304 3496 t.
323 3458 345 3494 c.
363 3440 411 3512 Ep.
431 3441 473 3507 ²4·
490 3457 516 3493 n.
535 3454 577 3492 aa.

218 3536 261 3598 (a)
280 3531 311 3582 V.
329 3529 354 3583 cl
372 3527 532 3600 Efittrung
551 3526 623 3598 ¹7⁸7·
640 3541 668 3596 p.
686 3525 744 3578 205.

208 3615 451 3689 .fflLqu

210 3708 257 3776 ,(4)
274 3705 495 3761 Kmnttetuntt
514 3707 633 3759 lienem
650 3699 701 3758 Tlt.
720 3699 756 3760 11.
768 3697 854 3756 tebth.
872 3695 895 3757 l·
912 3713 938 3771 P·
957 3697 1015 3752 225.

218 3795 261 3864 (t)
278 3793 311 3848 ts
325 3810 350 3848 e.
366 3793 415 3865 Ep.
433 3793 474 3862 24.
491 3811 519 3848 n.
538 3791 579 3846 ³³.
902 3795 907 3812 ’
996 3803 999 3810 ’
