2586 4480
254 306 322 474 ¹⁷⁴,
453 425 961 530 sacurem.
1121 437 1126 450 ·

527 847 732 922 CAPUT
793 847 885 920 XV.

229 1117 285 1190 De
301 1109 594 1214 symptomatibur
609 1125 645 1184 et
659 1109 921 1199 metasmribus,
939 1137 1035 1213 quoe
1053 1112 1123 1182 κατ’
1133 1119 1185 1215 ἴξιν
1279 1163 1280 1218 ss

372 1233 494 1332 fiunt,
520 1247 555 1305 et
577 1233 621 1305 de
643 1232 808 1332 generali·
826 1231 1031 1306 morborum

501 1352 763 1426 dimidiatorum
788 1376 910 1424 eausa.

304 1885 330 1968 §.
363 1879 440 1952 128.
469 1807 678 1976 Expositis
709 1877 855 1948 iamiam
881 1889 988 1973 atque
1015 1874 1188 1949 absolutis
1268 1961 1270 1966 Ι

1140 1465 1150 1478 “
1279 1467 1280 1498 i

232 2001 339 2072 variis
364 1997 502 2071 morbis
526 1995 678 2072 alterum
711 1998 871 2096 corporis
898 1994 994 2068 latus
1023 2021 1116 2094 prae
1141 1996 1188 2070 al·
1279 2009 1280 2012 ’

232 2133 311 2193 tero
337 2117 575 2190 afficientibus
600 2107 715 2215 pauca
731 2113 1004 2214 superaddendo
1030 2130 1122 2190 sunt
1141 2117 1187 2188 de
1279 2147 1280 2196 3

231 2238 406 2312 localibus
432 2241 475 2310 iia
501 2237 714 2334 affectibus,
733 2239 795 2335 qni
820 2235 866 2308 ab
890 2248 1100 2332 aegrotante
1127 2235 1187 2308 ali·
1279 2309 1280 2326 ¹

134 2636 153 2650 κ
231 2589 338 2698 longe
363 2601 476 2674 rarius
500 2602 539 2672 in
566 2599 733 2696 opposito
749 2610 944 2698 apparent,
966 2597 1039 2669 sive
1070 2597 1187 2670 solum

230 2733 476 2818 symptomata
500 2707 597 2792 iltiul
622 2719 700 2790 vitii
725 2715 884 2788 habendi
908 2717 999 2812 sint,
1025 2719 1103 2790 sive
1130 2717 1189 2790 de-

232 2829 391 2911 clinante
416 2865 460 2911 eo
487 2839 632 2912 demum
650 2851 857 2945 exsurgant,
873 2849 1082 2910 metastases
1108 2837 1211 2936 ideo.

230 2959 394 3057 putandi.
426 2959 528 3060 Quae
561 2983 627 3032 nos
661 2957 845 3031 adducent
876 2955 942 3029 sub
975 2957 1055 3036 fine
1082 2946 1189 3028 huius

227 3081 402 3152 ,sectionis
427 3078 475 3150 ad
498 3068 774 3177 exponendum,
801 3102 892 3176 quae
918 3077 956 3148 in
981 3077 1189 3148 universum

15 2399 19 2406 '
79 2443 127 2456 ,.
234 2384 304 2460 qna
330 2358 535 2456 alterutrius
559 2357 679 2432 lateris
711 2370 811 2455 parte
842 2357 882 2426 in
913 2354 1043 2441 eodem
1079 2357 1188 2429 latere

93 2543 101 2560 .
231 2461 313 2579 plus
339 2480 500 2550 minusve
525 2463 718 2552 reinotiore
742 2477 824 2566 loco
845 2477 1034 2574 provocari
1052 2477 1188 2572 solem7

234 3198 280 3270 ad
306 3183 525 3274 coercendos
549 3202 589 3272 in
614 3199 766 3272 dimidio
793 3222 942 3298 corpore
964 3199 1083 3272 varios
1111 3195 1190 3266 ane-
1279 3207 1280 3214 ’

235 3332 314 3390 etus
339 3321 502 3392 conferre
528 3321 737 3418 videantur,
753 3321 919 3418 viamque
936 3317 1085 3390 demum
1102 3327 1190 3406 ster·
1279 3321 1280 3330 ’

234 3453 323 3510 nent
348 3440 394 3514 ad
424 3441 684 3522 enucleandam
714 3433 969 3538 generaliorem
1002 3438 1188 3534 utriusque

144 3541 150 3554 ⁸
232 3556 353 3630 lateris
379 3557 639 3658 differentiam,
665 3560 710 3631 de
737 3580 817 3658 qna·
831 3560 869 3630 in
887 3559 992 3630 tertia
1008 3569 1045 3626 et
1062 3553 1188 3627 ultima

148 3681 149 3686 ’
233 3679 392 3750 sectione
418 3681 597 3778 agendum
622 3695 684 3752 est.
711 3722 761 3738 —·
785 3679 842 3751 Ad
866 3679 927 3750 illa
946 3688 1187 3776 symptomata

231 3791 572 3894 atque'metastases
603 3803 676 3874 iarn
702 3779 941 3873 Hierocaarns
968 3812 1003 3869 et
1028 3798 1187 3897 proxime
