2586 4480
919 339 986 438 187

53 461 302 541 Musculcru'm
316 460 448 535 deinde
465 460 697 562 symmetrica
710 456 898 560 dispositio
916 459 1014 532 adiu·
1038 455 1042 464 ’

52 601 115 663 vat
139 600 237 660 certe
263 583 456 658 affectuum
480 585 644 683 ipsorum
674 583 714 656 iu
749 580 902 656 dimidio
935 608 1014 657 eor·
1060 558 1063 578 ⁵

51 733 142 810 porc
168 719 375 779 accuratam
399 704 666 801 definitionem,
692 687 819 777 verum
844 716 882 776 et
912 708 1014 804 aaygi

51 854 123 930 pro
138 827 301 916 dimidia
333 839 435 927 parte
467 824 720 921 resolvuntur,
753 838 790 898 et
821 849 1016 898 nervorum

52 947 248 1023 efficientia
272 971 459 1047 nunqnam
482 947 523 1018 in
547 943 685 1018 morbis
703 946 781 1016 istis
797 968 874 1017 non
891 947 1014 1018 vitiata

51 1083 118 1144 est.
154 1068 213 1142 Ad
244 1091 376 1144 nervos
400 1069 509 1167 igitur
539 1065 766 1140 redeundum
798 1079 853 1138 est
884 1067 1016 1138 iterum

51 1205 164 1291 atque
190 1192 340 1280 iterum,
356 1204 530 1289 tanquam
546 1213 724 1260 summam
742 1186 928 1287 solamque
944 1186 1017 1286 ple·

50 1335 211 1410 rumque
235 1312 342 1384 unius
367 1309 488 1382 lateris
512 1308 726 1386 morborum
749 1333 904 1381 causam.

126 1437 156 1521 ’5.
190 1430 269 1504 136.
296 1429 455 1504 Obvenit
483 1453 569 1504 vero
599 1431 638 1500 in
672 1455 824 1530 corpore
857 1429 1018 1503 humano

50 1551 221 1624 intimior
246 1549 485 1652 quarumdam
508 1550 666 1650 partium
683 1563 794 1622 nexus
812 1564 918 1652 atque
935 1575 1021 1624 con·

52 1695 201 1768 sensus,
227 1697 336 1771 quem
361 1695 556 1744 nervorum
582 1672 808 1760 connexione
840 1695 1019 1770 exponere
1098 1739 1101 1746 .

52 1791 269 1890 nequimus,
293 1789 406 1864 veluti
431 1789 640 1888 genitalium
656 1792 814 1889 partium
831 1815 915 1863 cum
937 1805 1019 1864 cute

51 1909 211 1985 mentali
236 1925 273 1982 et
298 1937 381 1983 cum
405 1910 554 2012 larynge
567 1966 578 2008 ,
611 1911 704 1982 uteri
737 1936 820 1982 cum
852 1913 1019 1982 mammis

53 2046 93 2106 et
119 2033 161 2103 in
188 2043 281 2122 statu
307 2031 478 2105 morboso
504 2028 642 2104 cerebri
667 2055 751 2103 cum
779 2030 934 2131 hepate,
967 2045 1020 2103 te-

53 2156 171 2228 stium
188 2177 271 2224 cum
286 2151 450 2251 parotide
468 2178 509 2224 ac
527 2150 711 2252 pulmone.
729 2151 838 2224 Unde
856 2154 1019 2251 quaestio

54 2275 237 2370 exoritur,
271 2297 318 2345 an
354 2270 480 2376 similis
518 2272 695 2372 quaedam
728 2297 749 2346 a
783 2277 902 2348 nervis
944 2298 1021 2348 non

52 2391 224 2494 pendens
248 2393 364 2464 maior
390 2391 610 2492 conspiratio
643 2395 805 2492 corporis
834 2396 1020 2496 utriusque
1065 2459 1067 2466 .

53 2511 182 2588 lateris
213 2514 329 2585 varias
363 2527 482 2612 partes
515 2514 741 2612 intercedat,
772 2527 836 2587 aut
869 2515 951 2588 talis
980 2528 1023 2588 ut

53 2631 189 2725 eadem
214 2631 258 2703 iis
285 2633 453 2706 omnibus
477 2660 562 2734 prae
597 2634 773 2734 oppositis
803 2633 848 2708 ab
884 2638 1022 2734 origine

54 2757 107 2827 sit
141 2753 249 2824 insita
281 2755 397 2826 maior
428 2754 476 2827 ad
510 2768 607 2828 certa
640 2754 853 2830 morborum
891 2780 1022 2853 genera
1095 2744 1099 2757 ’

53 2869 289 2974 proclivitas,
314 2886 376 2946 aut
398 2872 482 2964 talis
507 2887 548 2947 ut
572 2873 618 2946 ab
636 2900 708 2948 una
725 2875 1023 2976 alteraveaegro·

55 3005 186 3088 tante,
225 2992 326 3065 nervi
365 2990 450 3066 licet
486 2995 656 3068 affectum
695 3019 772 3070 non
811 2997 1020 3095 proferant,

54 3111 300 3188 nihilominus
331 3113 490 3214 reliquae
522 3117 599 3188 eius
629 3114 751 3189 lateris
787 3127 907 3217 partes
939 3114 1021 3216 plus

53 3235 227 3310 minusve
252 3259 320 3333 pro
335 3234 454 3309 morbi
470 3248 598 3308 natura
623 3237 662 3307 in
688 3236 932 3336 sympathiam
953 3250 1023 3310 tra·
1093 3261 1125 3332 Ἰ

55 3354 208 3426 bantur.
235 3354 398 3444 Quorum
423 3349 602 3454 posterius
626 3354 775 3456 probari
792 3383 868 3430 non
890 3359 1024 3456 poterit

55 3485 276 3573 semperque
303 3474 350 3546 ad
375 3500 570 3549 nervorum
585 3502 718 3549 nexum
743 3476 1023 3579 redibit3‘priori

55 3616 149 3667 vero
168 3615 243 3662 nou
260 3591 377 3665 solum
392 3591 486 3666 nihil
499 3609 686 3694 repugnat,
702 3595 767 3668 sed
782 3595 896 3671 multa
913 3599 1022 3671 etiam

54 3715 182 3813 ipsum
209 3709 361 3786 suadent
386 3727 493 3814 atque
520 3717 746 3816 confirmant,
764 3717 836 3788 iam
851 3718 1022 3818 inaequa-

56 3830 86 3902 li
105 3831 266 3930 partium
293 3831 450 3923 thoracis
477 3846 514 3905 et
538 3833 742 3908 abdominis
769 3836 1023 3936 dispositione,
