2594 4474
255 299 294 349 lv
397 323 399 328 ·

222 396 356 530 quod
394 391 658 527 opuscula'
696 395 871 496 selecta
911 393 1028 495 :sins
1075 433 1197 532 pro·
1270 395 1280 403 ’

132 568 136 576 ’
222 551 341 682 priis
365 551 464 648 sive
478 547 773 648 tractatibus*
789 553 890 647 sive
911 555 1038 649 notis
1061 550 1198 650 exhi·

220 701 406 800 berem.
457 699 640 834 Quoad
689 707 913 836 proprios
961 693 1196 802 tractstus

222 855 476 988 (quorum
525 853 731 984 plurimi
779 857 831 951 in
880 859 998 952 actis
1046 876 1096 954 et
1143 861 1197 954 in

109 995 114 1006 “
218 1009 385 1106 diariis
415 1042 443 1130 q
474 1005 709 1106 Caesarea
744 1009 971 1106 societate
1004 1007 1198 1108 medica

217 1159 445 1258 Vilnensi
477 1159 621 1258 editis
644 1181 864 1278 exstant,
899 1197 962 1258 ne
996 1161 1059 1260 de
1092 1199 1198 1262 ora·

218 1295 437 1424 tionibrrs
486 1314 779 1413 academiois
826 1319 1032 1447 sparsim
1049 1449 1051 1453 J
1069 1322 1196 1450 typis

162 1481 164 1488 '
221 1468 434 1600 vulgatis
468 1465 673 1600 loquar)
722 1472 907 1600 ingenii
944 1467 1197 1570 tenuitatis

218 1627 475 1739 conscius,
504 1643 667 1720 eosut
688 1625 877 1722 selecta
909 1625 1081 1756 dignos
1114 1656 1197 1722 ne·

219 1781 345 1874 mini
379 1775 644 1882 obtrudere
666 1777 815 1883 volui.
838 1776 1088 1910 Respeotu
1110 1810 1196 1876 no·

217 1952 384 2032 tarum
409 1949 721 2064 compertum
737 1929 929 2048 habui,
964 1965 1077 2049 ωε,
1101 1934 1196 2030 nisi

218 2085 347 2184 forte
381 2083 445 2181 ad
478 2079 884 2182 confirmandum·
898 2103 1095 2182 textum
1123 2089 1197 2182 in-

218 2241 510 2355 servientes,
530 2263 533 2272 ·
551 2236 614 2339 ab
663 2236 946 2336 auctoribus
979 2237 1198 2370 plerum·

218 2427 317 2526 que
355 2426 494 2524 aegre
527 2389 675 2489 ferri.
711 2389 963 2492 Praeterea
997 2390 1197 2490 humeri

217 2550 319 2644 mei
347 2564 551 2644 conatus
572 2546 773 2674 majoris
798 2551 1039 2644 momenti
1062 2579 1197 2646 nun-c

216 2699 347 2798 ferre
380 2701 636 2818 reeuss'nt,
681 2734 841 2833 quum
881 2700 940 2797 iis
973 2700 1196 2833 alioquin
1240 2749 1243 2754 ·

216 2889 362 2988 grave
394 2856 497 2984 jam
523 2889 648 2954 onus
681 2856 972 2986 impositum
1007 2858 1096 2971 sit3
1125 2857 1198 2950 vi·

217 3010 414 3110 delicet¹
443 3011 604 3143 operis
627 3047 639 3108 ε
695 3007 920 3107 Pramnos
943 3141 947 3150 ι
968 3007 1196 3108 medicae

216 3174 476 3268 universae
500 3184 784 3296 praesepta
796 3237 815 3283 ,
850 3162 1002 3264 editio
1028 3163 1195 3263 denuo

217 3319 487 3440 elaborata
510 3319 767 3460 (respectu
800 3337 1114 3418 tractatuum
1130 3315 1195 3418 de

215 3471 439 3572 febribus
468 3491 519 3572 et
540 3471 726 3596 morbis
751 3475 877 3571 cutis
892 3467 931 3606 ),
959 3473 1194 3572 volumen

217 3628 699 3766 supplementa-rium
720 3628 805 3763 (ad
830 3628 1105 3725 doctrinam
1129 3623 1194 3725 de

216 3779 403 3885 morbis
436 3780 652 3904 cerebri,
681 3781 941 3882 m'edullae.
961 3779 1189 3916 spinalis,
