2594 4474
992 242 1036 316 3r

117 361 302 438 multorum
335 361 581 463 hemiplegiae¹
607 387 756 436 casuum
794 369 1070 466 comparatione

115 486 258 559 refutare
283 483 424 583 studet,
449 498 554 558 etex
579 509 639 574 ea,
665 509 744 558 non
758 485 871 568 modo
887 485 1066 588 hemiple-

113 607 198 702 giam
234 605 443 706 apoplexiae
482 606 678 704 comitem,
712 603 777 678 sed
813 605 920 680 aliam
954 612 1065 684 etiam

113 750 382 825 quamcumque,
402 723 602 802 dummodo
619 728 751 824 eapitis
767 725 879 803 laesio
895 727 1064 828 abfuerit,

74 855 76 863 '
114 845 269 920 dextrum
287 846 380 920 latus
398 847 557 924 crebrius
569 847 754 944 invadere,
768 846 936 948 idemque
954 850 1065 923 etiam

110 964 195 1040 latus
220 969 350 1069 eapitis
366 967 585 1046 laesionibus
602 991 679 1042 non
695 967 831 1042 abactis
857 969 998 1068 saepius
1024 971 1064 1042 in

112 1089 314 1164 universum
342 1087 541 1163 resolutum
572 1089 752 1186 inveniri,
786 1085 932 1186 colligit.
965 1089 1066 1162 Inter

110 1207 147 1280 51
176 1209 273 1282 enim
298 1207 536 1308 hemiplegiae
559 1224 643 1309 post
666 1207 894 1309 apoplexiam
918 1207 1064 1282 relictae

109 1351 204 1402 casus
235 1331 277 1402 in
312 1357 363 1428 29
392 1329 575 1428 dextrum,
601 1331 641 1404 in
667 1356 714 1402 22
740 1328 853 1404 modo
878 1330 1065 1402 sinistrum

109 1445 194 1524 latus
220 1452 419 1546 aegrotavit
444 1447 551 1548 atque
577 1477 628 1549 99
644 1449 959 1550 hemiplegiarum,
985 1451 1065 1548 qui-

107 1565 168 1640 hus
193 1570 383 1670 apoplexia
400 1595 473 1644 non
492 1577 702 1669 praegressa·
713 1584 806 1667 erat,
823 1569 870 1661 54
889 1569 1065 1666 dextrum,

104 1687 150 1779 45
174 1689 287 1767 modo
314 1691 498 1766 sinistrum
513 1689 607 1763 latus
622 1688 814 1764 laeserant:
833 1689 963 1788 quibus
994 1714 1063 1788 ¹⁰7

108 1832 204 1881 casus
230 1809 433 1907 accedunt,
457 1808 502 1900 de
529 1809 675 1908 quibus,
692 1833 828 1882 numne
855 1823 965 1908 caput
988 1808 1066 1882 vul·

107 1943 267 2014 neratum
294 1929 420 2028 fuerit,
437 1927 537 2002 haud
552 1943 720 2004 notatum
744 1942 816 2025 est,
843 1953 1000 2028 qnorum
1023 1930 1063 2008 in

107 2046 151 2122 65
176 2049 317 2146 dextri,
342 2050 381 2122 in
407 2049 454 2144 42
486 2049 621 2133 sinistri
651 2061 748 2122 artus
774 2046 922 2122 resoluti
953 2063 1064 2122 erant.

175 2175 200 2260 §.
228 2195 290 2244 20.
315 2169 414 2242 Bene
440 2169 602 2244 &sarus
627 2166 882 2270 hemiplegiem
907 2169 953 2266 ab
981 2196 1066 2270 apo-

107 2287 218 2385 plexia
234 2290 402 2364 relictam
428 2291 473 2364 ab
499 2287 691 2362 aliusmodi
710 2289 936 2388 paralysibus
963 2316 1066 2364 aceu-

106 2421 176 2480 rate
202 2413 400 2510 separavit,
425 2423 569 2510 oportet
597 2424 741 2501 tamen,
766 2410 797 2482 si
822 2413 861 2484 iu
893 2411 962 2484 hae
989 2437 1066 2484 me·

108 2527 273 2606 dirorum
304 2529 525 2606 dissensione
558 2544 657 2604 certa
689 2543 846 2606 statuere
876 2531 1064 2628 volumus,

107 2649 253 2740 ulterius
294 2652 404 2726 etiam
436 2653 552 2726 varias
590 2649 888 2750 hemiplegiarum
929 2652 1067 2750 species

108 2768 333 2870 distinguere.
360 2771 470 2864 Quod
493 2773 652 2871 primum
677 2770 726 2844 ad
736 2772 1066 2871 ,apoplectieorum

107 2887 338 2991 hemiplegias
369 2893 516 2988 attinet,
540 2891 714 2978 Zutmnns
747 2897 815 2988 (1),
841 2915 939 2989 eam,
975 2913 1066 2988 quae

108 3011 334 3122 apoplexiam
348 3035 518 3093 nerveam
536 3005 762 3112 insequatur,
782 3010 947 3114 dextrum
973 3009 1066 3123 latqs
1088 3097 1092 3106 Ι

108 3133 228 3227 potius
262 3144 428 3230 tangere,
457 3129 581 3218 mulus
613 3145 651 3208 et
682 3132 738 3206 sui
770 3130 882 3230 ipsius
912 3143 948 3202 et
978 3128 1067 3228 quor

109 3271 187 3324 rum
214 3247 524 3342 observationibus
540 3247 680 3327 collatis
697 3247 832 3347 effecit,
857 3246 903 3325 de
921 3235 1068 3346 reliquis

452 3491 751 3522 Μ

115 3672 209 3738 <1>Et
227 3673 261 3727 de
278 3673 428 3745 apoplexia,
445 3687 530 3746 praes,
547 3689 656 3744 norrea,
674 3688 769 3728 eornm.
796 3671 868 3742 ¹7⁸9·
887 3673 912 3736 ς.
930 3672 971 3724 oe
989 3689 1014 3740 p.
1034 3669 1068 3722 36

171 3761 416 3832 Ἀςῷμῆ
