2614 4476
293 263 358 336 132
424 319 426 333 .

255 382 467 456 ›Aucsnrnro
492 387 540 476 (ι)
566 382 752 483 intelliges.
778 385 853 459 Nec
878 387 974 462 inter
998 392 1220 462 recentiores

259 500 391 575 desunt
415 507 479 602 qui
503 507 543 577 in
567 505 721 579 dubium
744 509 955 580 vocaverint
980 511 1031 598 (2)
1058 512 1222 582 assertio-

258 643 322 692 nes
346 621 445 720 illas,
468 623 527 698 vel
551 628 696 724 penitus
722 651 782 702 ens
812 642 971 700 evertere
1003 627 1216 701 studuerint.

259 739 458 817 Wuunrros
491 745 538 833 (3)
570 747 756 819 sinistrum
790 745 884 820 letus
918 747 1045 822 dextro
1074 747 1233 821 inflam·
1290 829 1292 836 s

257 861 409 937 motioni
433 867 547 961 magis
572 864 771 939 obnoxium
804 891 881 940 non
914 891 990 939 esse
1023 866 1157 939 exinde
1182 893 1218 940 se

256 985 468 1078 cognovisse
492 985 631 1081 scribit,
648 985 748 1085 qnod
771 986 868 1058 inter
883 988 1112 1084 septuaginta
1129 1001 1217 1086 tres,

256 1125 347 1201 quos
369 1102 564 1203 pleuritide
588 1105 761 1179 detentos
779 1105 928 1203 viderit,
958 1086 1106 1204 triginta
1134 1122 1217 1183 octo

257 1221 302 1294 de
328 1221 461 1321 dextri,
487 1226 632 1322 triginta
658 1227 817 1325 quinque
848 1225 894 1298 de
927 1227 1062 1298 sinistri
1094 1224 1217 1300 lateris

257 1341 380 1415 dolore
416 1347 606 1444 conquesti
636 1323 726 1419 sint:
759 1371 826 1419 nec
859 1345 1158 1445 periculosiorem
1182 1362 1218 1421 et

188 1447 195 1458 ’
255 1464 455 1558 graviorem
479 1466 610 1538 sinistri
637 1468 793 1566 pectoris
819 1464 984 1540 dolorem
1016 1489 1054 1538 se
1089 1465 1217 1565 depre-

254 1579 442 1681 hendisse,
469 1584 559 1664 ndeo
584 1599 626 1658 ut
655 1584 826 1683 illorum,
858 1586 921 1684 qui
954 1611 974 1656 e
1007 1584 1216 1660 dextrarum

150 1747 159 1768 ·
255 1707 414 1804 portium
452 1705 738 1780 inflammatione
775 1705 1001 1800 interierint,
1042 1729 1216 1778 numerus

253 1849 329 1900 uno
362 1825 482 1900 adhuc
512 1824 733 1923 superaverit
746 1847 950 1896 numerum
975 1846 1126 1920 eorum,
1154 1827 1217 1922 qui

253 1971 275 2018 a
307 1945 460 2018 sinistris
491 1944 654 2018 haerenti
689 1942 821 2018 morbo
853 1941 1121 2016 succubuerint.
1150 1943 1215 2016 Uti

248 2063 366 2166 huic,
403 2067 491 2139 item
527 2065 691 2139 Fntnnro
724 2064 772 2156 (4)
809 2077 846 2136 et
875 2061 1040 2138 Vooutro
1071 2059 1119 2152 (5)
1146 2089 1214 2136 nec

166 2179 168 2188 ’
251 2189 293 2260 in
324 2189 471 2258 sinistro
503 2186 724 2285 frequentius
757 2207 868 2284 quem
897 2184 938 2255 in
971 2181 1099 2256 dextro
1132 2183 1214 2283 pul·
1298 2223 1299 2228 κ

252 2329 362 2378 mone
387 2303 712 2380 inflammationem
737 2304 929 2398 contigisse
957 2327 1030 2377 nec
1063 2329 1108 2376 ex
1141 2329 1215 2381 una

252 2450 363 2528 quam
389 2449 432 2499 ex
457 2423 568 2498 altera
593 2421 752 2523 pericula
781 2421 919 2495 maiora
951 2420 1062 2492 fuisse
1094 2422 1215 2496 visum

251 2561 316 2622 est.
342 2545 466 2646 Neque
490 2546 677 2621 Ponrntro
711 2545 756 2636 (6)
793 2542 1087 2639 ohservationes,
1122 2568 1212 2641 quas

253 2666 423 2766 institnit,
439 2667 615 2740 maiorem
631 2663 791 2764 aliquem
806 2665 848 2737 in
866 2661 978 2736 altero
995 2661 1108 2737 lutere
1127 2688 1213 2763 prae

253 2787 366 2860 altero
392 2787 634 2888 pneumoniae
661 2786 902 2884 frequentiam
927 2781 1181 2856 exhibuerunt.
1203 2875 1207 2880 Ι

630 3033 842 3056 -t—-q

254 3177 294 3236 (r)
311 3170 350 3222 Ei.
369 3177 438 3224 scut.
456 3184 525 3241 pass.
543 3165 602 3220 Lib.
619 3165 654 3218 11.
672 3163 735 3234 Cep.
755 3165 795 3229 ¹4·

252 3263 292 3324 (s)
309 3257 417 3311 Nicoun
435 3257 453 3308 l.
470 3273 493 3308 c.
511 3271 538 3326 p.
556 3269 613 3307 orr.
625 3249 821 3322 Cususnpmlrt.
831 3248 997 3303 Anmtwtss.
1007 3247 1058 3302 Th.
1070 3250 1089 3302 1.
1104 3250 1131 3316 S.
1148 3251 1206 3305 331.

253 3436 292 3501 (3)
308 3345 429 3486 ἓιίαὲιθω.
447 3430 549 3485 observ.
566 3429 622 3484 siet.
635 3425 784 3499 depleurit
801 3433 830 3479 et
844 3426 1009 3497 peripnenm.
1026 3425 1120 3480 Goett.
1135 3425 1204 3497 1762.

230 3608 288 3675 '(4)
306 3523 396 3672 ¹diade
412 3521 537 3659 diii-andis
553 3603 624 3658 born.
642 3603 726 3657 norb.
744 3599 801 3656 Lib.
821 3603 854 3656 11.
872 3618 899 3672 p.
921 3601 976 3652 132.

256 3698 297 3761 (5)
313 3694 355 3753 Ei.
369 3693 517 3748 Handbuch
533 3692 582 3746 der
594 3710 635 3761 pr.
653 3687 895 3755 Anneirisremct.
913 3688 945 3741 Τ.
961 3687 1008 3742 Ν.
1025 3704 1052 3758 p.
1071 3688 1129 3740 252

251 3785 290 3851 (6)
308 3751 346 3837 isi.
364 3790 434 3838 anat.
452 3779 586 3835 medicale.
604 3779 636 3836 Τ.
653 3778 687 3838 V·
706 3794 731 3849 p.
748 3778 790 3832 66.
910 3801 912 3811 ⁴
