2594 4474
265 262 310 354 14

234 381 425 456 dimidiam
450 393 593 456 tanturn
617 395 760 481 partem
784 393 888 456 motu
914 382 1109 481 privantur
1134 388 1199 476 (r):

199 580 202 586 ,
228 501 392 602 reliquos
418 503 517 575 enim
542 501 763 576 musculos'
754 527 794 576 ιιι
827 501 941 578 altero
977 503 1091 580 modo
1121 529 1201 580 cor-

235 624 334 721 poris
360 620 516 696 dimidio
540 620 787 721 pessumdari,
825 647 937 722 quum
968 629 1201 722 symmetrice

229 741 283 816 ab
308 757 462 843 utroque
489 744 652 842 corporis
676 742 788 816 latere
816 742 982 842 dispositi
1007 745 1099 841 sint,
1133 751 1202 820 mi·

236 887 305 938 nus
330 862 379 944 ad
402 887 533 940 nervos
558 864 737 963 pertinere
761 862 877 936 videri
902 865 1025 963 possit.

310 989 338 1071 §.
373 981 407 1057 5.
439 981 554 1056 Aliter
587 981 814 1082 ganglioruur
849 996 1031 1084 systema:
1065 987 1199 1086 quippe
1233 1065 1237 1076 ,

239 1102 359 1204 quod,
396 1107 425 1176 si
458 1104 657 1202 generatim
692 1103 1009 1204 contemplamur,
1035 1105 1146 1178 etiam
1178 1131 1201 1177 e

150 1281 152 1294 .
240 1217 377 1298 dextra
397 1238 506 1326 atque
539 1227 682 1300 sinistra
717 1239 819 1327 parte
848 1226 1093 1325 compositum
1125 1250 1200 1301 esse

239 1344 401 1440 videtur,
435 1347 537 1420 cuius
562 1369 648 1420 vero
674 1345 801 1420 amhae
827 1359 946 1447 partes
972 1345 1199 1446 permultos

240 1467 429 1564 variosque
461 1489 657 1540 nervorum
694 1467 820 1568 plexus
854 1463 1013 1540 invicem
1045 1468 1200 1540 commi·

234 1598 386 1660 scantur
417 1601 455 1662 et
487 1586 731 1687 implicantur.
767 1587 941 1686 Apprime
977 1585 1201 1686 respondent

240 1708 315 1780 eius
339 1709 544 1806 systematis
571 1707 700 1782 morbi.
727 1708 799 1801 Qui
824 1705 912 1780 licet
927 1705 1042 1780 oculis
1066 1708 1201 1782 nostris

232 1827 353 1924 -magis
378 1826 512 1902 occulti
539 1829 633 1924 sint,
664 1825 780 1903 multa
806 1839 929 1903 tamen
954 1851 1021 1900 nos
1045 1824 1199 1922 docent,
1288 1875 1291 1886 -

241 1960 407 2020 accurate
433 1947 664 2022 dimidiatam
696 1948 960 2022 seiunctionem
993 1969 1122 2022 eorum
1154 1970 1202 2018 ne
1285 1989 1288 1996 ·

245 2066 476 2163 cogitandam
502 2067 650 2166 quidem
676 2093 771 2166 esee,
787 2066 851 2142 sed
876 2065 1004 2164 libere,
1032 2064 1133 2139 nulla
1157 2065 1202 2138 li·

238 2209 332 2258 neae
357 2187 617 2282 intermediae,
648 2209 719 2286 qua
745 2201 864 2266 totum
890 2211 1021 2284 corpus
1046 2187 1086 2269 in
1111 2182 1201 2256 duas

243 2319 362 2403 partes
388 2305 554 2403 aequales
579 2306 743 2380 divisum
755 2307 887 2402 fingere
912 2329 1122 2405 possumus,
1148 2329 1202 2378 ra·

235 2428 343 2500 tione
367 2423 517 2522 habita,
549 2448 592 2498 ex
617 2423 765 2500 altero
755 2423 973 2504 multarum
1008 2423 1203 2499 dimidium

136 2628 139 2634 ¹
235 2567 375 2644 corpus
401 2569 462 2618 eos
478 2547 674 2644 pervagari.
699 2542 943 2622 Nihilominus
960 2556 1082 2618 autem
1098 2539 1137 2614 in
1158 2545 1202 2616 iis
1289 2463 1290 2620 l

244 2688 389 2764 quoque
414 2663 603 2738 dimidiata
629 2663 748 2764 aliqua
771 2687 959 2737 occurrere
984 2661 1202 2762 phaenome·
1289 2661 1290 2670 ’

164 2879 166 2884 Ι
235 2807 313 2882 na,
339 2807 381 2856 ca
406 2783 564 2882 probant
587 2797 856 2883 symptomata,
889 2783 1202 2883 quievissem,

138 2915 141 2921 '
244 2907 284 2978 in
317 2904 449 3004 quibus
486 2906 698 3005 praesertim
732 2903 773 2978 hi
803 2904 907 2981 nervi
936 2901 1201 2999 absumuntur,

237 3023 490 3124 quodcunque
516 3039 703 3124 aegrotans
732 3024 862 3098 eodem
881 3023 930 3098 ιιι
960 3021 1071 3096 ιιιιιι
1083 3075 1095 3120 ,
1129 3047 1201 3122 quo

243 3143 357 3216 situm
381 3157 451 3242 est,
477 3160 617 3219 remoto
642 3145 725 3221 loco
751 3155 944 3245 provocat,
968 3141 1203 3243 probatcon·
1240 3185 1242 3190 ·
1288 3131 1289 3136 ’

245 3263 418 3372 sensualis
434 3290 465 3338 v.
482 3290 513 3363 g.
531 3265 673 3340 affectio
690 3266 808 3343 dextri
832 3262 973 3338 brachii
999 3264 1202 3364 crurisque,

254 3688 292 3754 (r)
309 3685 471 3758 Hemiplegia
488 3688 646 3761 sphincteris
663 3688 715 3742 οιιι
733 3687 760 3755 S.
782 3687 823 3760 ιι,
842 3635 1012 3760 hemiplegiae
1029 3686 1132 3748 vesicae
1149 3686 1199 3740 uri·

296 3777 499 3848 narrae817.
