2586 4480
966 233 1033 331 193

107 349 245 440 offertur
283 333 332 430 in..
359 349 484 440 latere·
508 349 656 425 sinistro
695 348 856 424 crebrior
893 354 1067 442 omniurn
1101 443 1104 446 1

103 494 222 548 eornm
248 495 466 568 organorum
487 473 624 569 passio,
656 469 787 570 quibus
813 469 974 548 officium
1002 485 1063 558 est,

101 586 205 664 fluida
231 615 345 690 aquae
371 592 477 690 cupiat
504 617 623 664 sorum
650 593 835 688 sauguinis
860 591 967 690 longe
997 620 1059 674 su<
1102 620 1105 627 ·

99 712 258 806 perantia
289 710 466 786 halimsve
497 711 708 784 secernendi
737 715 777 784 in
806 711 1058 787 huiuscemodi

97 826 202 902 fluida
228 831 528 929 condensandos,
551 857 624 931 qno
651 831 904 928 glandularum
929 833 1058 908 saliva-

98 946 183 1032 lium
208 966 246 1024 et
272 951 549 1051 lacrymalinm,
573 953 684 1048 renis,
709 951 756 1024 ad
782 965 923 1051 partem
945 957 1055 1028 etiam
1125 993 1142 1058 s

95 1093 269 1144 mammae
285 1087 433 1171 secreta,
449 1098 523 1172 quo
540 1072 834 1146 membranarum
850 1099 1057 1156 serosarum¹

95 1202 127 1260 et
143 1191 353 1270 cellulosae.
369 1193 505 1270 halitus
527 1193 726 1293 pertinent,
751 1193 900 1269 offertur
924 1219 1051 1269 eorum
1135 1228 1148 1243 =

94 1314 277 1408 speciatim
301 1314 526 1415 frequentior
551 1314 715 1412 morbus,
742 1339 763 1386 a
790 1314 923 1414 quibus
948 1341 1058 1417 sepa-‚

93 1444 185 1506 ratus
210 1432 324 1533 latex,
350 1433 464 1514 veluti
489 1436 592 1508 urina
621 1449 659 1508 et
687 1433 766 1532 lac,
798 1436 915 1510 acido.
937 1435 1059 1518 libero¹

93 1567 210 1630 scatet.
237 1557 350 1630 Cuius
374 1557 427 1629 rei
451 1557 583 1630 veritas
612 1571 654 1628 ut
685 1554 906 1630 luculentius
940 1582 1058 1658 appar,

93 1686 182 1770 reat,
207 1677 336 1775 paucis
360 1687 541 1774 repetam,
567 1699 660 1775 quae
685 1677 725 1746 in
750 1677 910 1750 sectione
935 1679 1053 1775 prima

90 1792 269 1890 sigillatim
293 1797 456 1896 exposita
480 1795 602 1872 babes.
630 1797 785 1868 Maxime
815 1798 979 1869 eminens
1014 1813 1064 1870 et·

92 1915 261 2007 generalis
295 1914 515 2014 aegrotandi.
537 1915 668 1990 modus
701 1915 955 2052 plerarumque
985 1917 1050 1988 ha-

89 2055 165 2106 rum
190 2039 350 2135 partium
376 2049 429 2108 est
453 2035 605 2109 secretio
637 2036 746 2108 nimrs
779 2049 884 2110 aucta
899 2090 921 2132 ,.
942 2049 1061 2136 atque¹

90 2149 237 2230 adeam
263 2157 441 2256 imprimis
465 2156 505 2228 in
538 2155 610 2229 hoc
633 2154 755 2228 latere
787 2158 902 2255 magis
936 2183 1047 2258 quam

88 2266 124 2340 in
148 2279 319 2374 opposito
343 2275 519 2349 inclinare
545 2275 717 2350 videntur
742 2275 790 2350 ad
822 2301 934 2350 unam
967 2301 1046 2352 om-.
1134 2371 1138 2376 Ι

61 2416 155 2468 ·nes.
182 2399 424 2497 Frequentius
450 2399 548 2470 enim
574 2397 718 2469 sinister
743 2397 882 2470 cerebri
912 2401 1049 2472 ventri·

88 2516 195 2618 culus,
214 2521 402 2594 sinistrum
419 2543 550 2592 cavum
571 2516 742 2614 thoracis,
761 2520 889 2615 vagina
912 2520 1049 2592 sinistri

87 2641 358 2714 testisnimiam
391 2663 505 2738 aquae
538 2638 683 2736 copiam
715 2639 907 2710 continent
939 2661 1059 2736 quam,

87 2757 215 2844 eadem,
242 2758 367 2830 dextra
400 2782 510 2833 cava:
543 2757 686 2855 saepius
720 2757 761 2828 in
793 2758 917 2830 orario
943 2755 1047 2840 laevo

87 2899 124 2946 ac
147 2879 245 2950 intra
271 2879 432 2952 tunicam
450 2876 661 2950 cellulosam
675 2875 822 2950 laevum
835 2876 1045 2960 funiculum
1144 2969 1147 2980 k

86 3000 338 3103 spermaticum
370 2997 605 3071 ambeuntem
642 3021 736 3095 aqua
773 2996 1044 3072 accumulatur:

84 3116 236 3211 pedibus
261 3117 448 3194 oedemate
474 3118 589 3191 auctis
614 3115 673 3190 vel
699 3141 851 3217 corpore
874 3141 1055 3190 anasarca.

86 3239 279 3314 tumefacto
305 3240 450 3312 sinister
474 3263 539 3338 pes
563 3237 820 3337 sinistrumque
851 3236 1048 3324 brachium,

86 3350 214 3432 dextris
238 3360 352 3457 magis
376 3358 590 3458 plerumque
616 3369 777 3456 tument,
807 3357 1042 3456 eiusdemque

83 3474 184 3569 pedis
208 3493 330 3554 tumor
354 3479 575 3579 pertinacior
592 3491 630 3548 et
645 3477 826 3552 difficilius
847 3478 1051 3552 discutien-¹

85 3591 149 3668 dus
174 3625 249 3672 esse
275 3599 381 3674 solet:
408 3600 552 3672 sinister
577 3596 704 3671 oculus
722 3599 762 3670 in
775 3598 932 3705 ¹variolis
957 3621 1044 3697 prae

85 3709 207 3792 dextro
231 3718 313 3818 plus
338 3717 582 3818 lacrymarum
608 3711 742 3818 fundit,
769 3717 1043 3819 quibusaddas,

209 3859 232 3909 J.
251 3857 341 3912 Fiunt
351 3883 386 3897 -·
402 3855 463 3910 Vol.
484 3857 506 3910 l.
878 3857 910 3927 9*
