2594 4474
825 307 834 318 κ
988 275 1036 352 23

98 413 257 502 partem,
279 397 370 473 dum
394 394 575 496 reliquum
591 395 779 470 sinistrum
797 417 930 494 corpus
956 409 1061 469 acute

96 511 243 592 sentiret
268 517 508 615 dextrumque
539 529 651 615 caput
680 515 801 614 primo
833 527 979 594 tantum
1004 517 1061 588 in·

96 638 192 712 uiltu
217 635 384 738 paullum
407 635 576 708 affectum
602 635 729 732 luerit,
754 635 905 734 impune
929 659 1064 734 punge·

96 783 132 831 re
165 755 420 856 unguibusque
453 753 613 854 scalpere
649 752 778 851 licuit,
816 779 908 853 quae
941 753 1064 828 morbi
1154 829 1157 838 ,

95 874 343 953 memorabilis
369 875 573 950 decussatis
596 873 740 948 brachii
757 873 903 952 alterius
921 889 958 947 et
984 900 1064 952 cru-

94 1001 143 1072 ris
168 998 333 1098 oppositi
356 994 478 1068 lateris
495 992 680 1095 paralysin
696 992 916 1094 quandoque
943 991 1064 1069 obser·
1097 1075 1100 1081 ¹

94 1132 219 1192 vatam
248 1141 325 1188 esse
353 1129 511 1190 revocat.
544 1114 618 1188 Sed
649 1111 694 1188 de
727 1138 770 1186 ea
802 1112 899 1188 infra
930 1114 1064 1188 iterum

95 1263 211 1336 agam.
237 1237 412 1310 Dextrum
435 1234 554 1334 latus,
580 1235 640 1309 cui
654 1289 665 1334 ,
690 1218 825 1308 miruui
850 1231 979 1332 dictu,
1010 1246 1066 1306 ta·

92 1371 173 1431 ctus
199 1359 341 1454 integer
363 1354 511 1453 aderat,
539 1356 588 1445 ita
612 1367 655 1427 ut
678 1379 808 1430 manus
836 1352 984 1455 pulsum
1010 1352 1063 1426 iu·
1178 1387 1187 1400 s

92 1490 145 1550 ste
175 1476 370 1577 explorare
400 1474 562 1573 valeret,
597 1473 695 1549 adeo.
721 1473 769 1548 ab
802 1476 904 1548 omni
937 1472 1064 1548 dolore

92 1599 258 1670 immune
274 1609 370 1695 erat,
385 1608 438 1668 ‚ut
462 1620 530 1668 neo
557 1596 789 1694 vesicatcria,
815 1619 884 1668 nec
902 1619 1064 1694 parony·
1142 1637 1147 1649 x

93 1716 177 1790 chia
208 1713 266 1788 vel
292 1715 431 1810 febrem
459 1714 682 1813 accendens,
709 1739 777 1788 nec
794 1712 905 1788 laesio
932 1713 1066 1814 qualis·

92 1859 260 1933 cunque,
285 1858 354 1910 nee
373 1826 546 1931 lumbago
563 1832 681 1906 ullum
701 1845 845 1932 praeter
860 1833 1066 1906 tensionem

91 1955 262 2054 aliquam
284 1951 485 2052 calorisque
507 1967 544 2025 et
568 1955 728 2053 pruritus
755 1977 901 2026 sensum
926 1952 988 2026 vix
1005 1951 1065 2026 de·

89 2070 300 2146 finiendum
317 2071 529 2170 excitarent,
546 2072 695 2172 eiusque
713 2069 894 2172 sentiendi
911 2069 1065 2146 facultas

92 2218 177 2268 raro
203 2191 394 2291 modovita
418 2193 610 2266 immutata
628 2203 723 2290 erat,
748 2205 790 2264 ut
815 2217 909 2290 aqtre
933 2190 1065 2266 laevia·

91 2339 165 2416 que
192 2313 318 2388 omnia
343 2337 515 2409 corpora,
541 2313 572 2382 si
597 2310 727 2408 frigida
751 2323 890 2407 essent,
916 2310 1064 2406 caloris,

92 2434 121 2504 si
141 2426 262 2503 calida
279 2442 417 2527 essent,
443 2427 604 2527 frigoris,
626 2407 751 2503 mollia
769 2442 891 2504 autem
909 2443 946 2502 et
962 2455 1064 2530 aspe-

92 2577 133 2624 ra
158 2547 302 2621 nullum
323 2575 407 2622 suae
425 2549 613 2648 temperiei
633 2573 781 2622 sensum
803 2549 979 2622 afferrent.
1009 2547 1064 2620 Si·

89 2672 251 2743 sistrum
276 2670 440 2769 corporis
464 2669 559 2748 latus
590 2683 736 2768 torpore
762 2681 906 2742 tantum
917 2722 927 2765 ,
955 2691 1065 2766 quem

92 2797 119 2880 §.
149 2775 200 2864 56
224 2789 440 2889 recensebo,
468 2790 667 2888 aegrotavit
691 2791 742 2861 ita
767 2803 809 2860 ut
833 2787 1063 2886 ipsbecillita·

95 2913 142 2983 tis
168 2935 294 2982 sensus
310 2911 380 3009 ipsi
397 2910 520 2984 adesse
536 2908 734 3006 videretur,
759 2906 986 3007 musculique
1012 2908 1064 2980 ius

96 3045 153 3104 sto
169 3030 293 3126 vigore
312 3044 493 3129 carerent,
518 3034 558 3104 in
574 3032 698 3131 primo
712 3027 850 3102 insultu
866 3039 989 3100 autem
1015 3025 1061 3100 ab

96 3146 327 3249 apopleetieo
352 3175 430 3223 non
460 3149 567 3250 longe
593 3149 749 3222 distante
786 3148 957 3246 apertiori
982 3158 1063 3218 mu·

94 3268 281 3342 erulorum
311 3269 498 3370 paralysi,
531 3273 571 3344 in
604 3269 697 3343 facie
720 3266 824 3342 laeva
849 3268 1063 3367 praesertim

97 3387 319 3489 conspicua,
351 3389 521 3462 affectum
551 3371 638 3464 erat.
673 3389 844 3492 Ceterum
871 3381 968 3456 linea
996 3408 1062 3482 per

95 3507 258 3582 medium
284 3507 543 3608 corpusducta
560 3507 675 3582 dextri
693 3507 855 3606 corporis
880 3505 1062 3576 sinistrae·
1089 3505 1093 3510 ’

98 3653 167 3726 que
194 3627 300 3702 faciei
326 3628 602 3703 insensilitatem
635 3627 756 3703 subito
790 3623 945 3700 abscidit
978 3647 1060 3696 exa-

98 3749 327 3848 ctissimeque
354 3748 503 3825 definiit.
