2594 4474
138 372 338 462 antepram
352 381 457 458 aeger
476 353 671 456 coneidrt‚·
686 355 853 457 proxime
879 355 1109 433 antecedunt.

136 521 192 540 -
206 481 291 554 Pari
316 479 432 555 modo
454 479 656 582 perfectam
680 476 895 579 epilepsiam
926 503 1110 580 praenun-

137 603 234 677 tiant
257 601 445 676 interdum
476 601 630 676 leviores
654 596 825 699 insultus,
860 599 993 700 quihus
1026 625 1111 674 cum

135 747 312 798 sensuum
335 722 523 798 subitanea
553 720 821 822 interceptione
845 721 999 794 nonnisi
1020 719 1111 796 alte·

135 846 213 920 rius
244 843 368 946 luteris
399 841 553 919 haenel
575 841 660 916 illae
685 851 805 942 partes
832 839 1110 940 convelluntur,

136 978 265 1065 postea
280 965 393 1049 etiam
407 966 505 1039 inter
521 965 702 1064 graviores
714 962 874 1062 impetus
891 961 1111 1070 quandoque

136 1109 262 1160 rursus
294 1094 510 1187 apparentes
540 1089 599 1178 (r).
623 1082 707 1158 -Nec
739 1105 818 1158 non
849 1107 871 1155 a
902 1080 1109 1188 declinante

130 1203 270 1280 morbo
285 1207 377 1280 varii
388 1205 535 1280 alterius
550 1204 673 1278 lateris
689 1204 825 1306 sperari
841 1223 1108 1304 nonnunquam

84 1321 88 1328 ’
135 1323 394 1426 relinquuntur
416 1325 491 1401 levi
515 1325 561 1400 de
587 1347 696 1398 musa
719 1337 945 1398 recurrentes
970 1329 1030 1419 (a).

104 1539 106 1544 ,
211 1452 238 1538 9.
264 1447 325 1548 37.
351 1445 449 1520 Tum
472 1448 513 1520 iu
538 1447 625 1548 ipsis
655 1443 849 1548 epilepsiae
879 1446 1105 1548 paroxysmis

104 1558 294 1641 “alterum
318 1568 482 1670 corporis
521 1566 716 1642 dimidium
748 1565 963 1668 plerumque
995 1567 1109 1642 altero

133 1683 468 1764 vehementioribus
491 1689 651 1763 motibus
672 1687 823 1763 clonicis
840 1689 967 1788 agitari
983 1713 1029 1761 ex
1048 1687 1105 1762 Ill.

134 1807 259 1884 Hnrer
291 1808 596 1918 praelectionibus
633 1811 807 1912 comperi.
848 1807 986 1882 Verum
1028 1833 1105 1882 non

132 1927 249 2003 modo
272 1929 541 2044 vehementiae,
565 1929 630 2004 sed
646 1929 767 2004 solnm
784 1930 895 2004 etiam
918 1927 1105 2003 interdum
1174 1985 1177 1995 .

133 2046 292 2122 alterum
321 2045 414 2124 latus
448 2052 665 2126 concutitur.
697 2049 765 2124 Vir
797 2051 896 2123 enim
929 2047 1080 2152 quidam
1092 2105 1104 2150 ‚
1237 2111 1238 2115 ,

135 2170 201 2270 qui
224 2167 401 2276 herculeo
420 2170 567 2270 morbo,
596 2172 698 2244 cuius
714 2171 966 2272 paroxysmi‘a
982 2169 1103 2245 dextri

131 2287 276 2364 brachii
300 2317 342 2366 ac
367 2273 472 2392 pedis
496 2291 741 2368 «convulsione
777 2316 923 2394 semper
954 2293 1104 2364 initium

131 2410 351 2511 capiebant,
376 2437 397 2484 a
423 2412 547 2486 multis
581 2428 677 2488 retro
711 2413 817 2486 annis
851 2412 1124 2511 laboraverat‚'
1197 2501 1202 2516 Ι

132 2542 220 2630 post
244 2531 359 2604 ictum
388 2531 429 2606 in
461 2547 572 2634 caput
602 2531 718 2606 latum
741 2531 873 2606 subito
905 2531 1101 2606 convulsus

24 2663 29 2676 ’
133 2651 275 2726 corruit
289 2666 325 2725 et
340 2677 407 2754 por
423 2653 675 2754 insequentem
688 2651 957 2754 nycidremeron
971 2652 1102 2726 decom

131 2770 182 2846 ad
204 2771 402 2848 duodecim
424 2773 580 2849 irrstdtns
602 2777 730 2876 passus
755 2788 810 2848 est
843 2799 887 2848 eo
920 2774 1099 2872 insignes,

131 2893 233 2993 quod
258 2915 334 2968 uon
359 2895 428 2968 nisi
453 2895 570 2971 dextri
590 2911 693 2972 artus
716 2894 949 2994 ‘sgimmntun
974 2895 1099 2982 Altera

129 3013 362 3113 perlustratis>
385 3027 423 3089 et
447 3019 574 3091 mortis
590 3032 628 3091 et
647 3016 769 3092 dextri
785 3015 907 3090 lateris
933 3013 1098 3088 aminon*
1152 3101 1160 3109 ι

132 3134 235 3209 tioris
266 3135 466 3210 affectionis
500 3138 675 3214 revelavit
707 3152 874 3228 cmm:
895 3138 949 3210 .'rn
971 3135 1097 3210 medic

131 3257 232 3328 enim
275 3252 453 3330 cerebello
491 3272 756 3344 muneratum
793 3259 1006 3357 sanguinem
1042 3270 1098 3328 at»

132 3399 203 3476 que
229 3373 341 3449 durae
364 3382 491 3488 matris
516 3382 700 3456 sinistram
723 3392 867 3482 partem
892 3377 940 3452 ad
965 3376 1094 3452 unciae

440 3583 784 3610 m

115 3669 523 3744 mmmm-pap„
626 3697 630 3706 ’
769 3663 775 3682 '
857 3661 861 3669 ’

133 3757 409 3828 (n)Tauu1nr1.o.
428 3779 455 3832 p.
475 3761 518 3818 88.
