2614 4476
274 259 343 336 136
515 267 519 282 ‘
602 313 604 320 ι

242 375 490 482 parenehyma
515 374 732 473 aemulatur,
757 371 875 450 multo
904 373 1045 472 saepius
1072 397 1093 444 a
1120 371 1205 446 dex·

244 501 309 573 tris
334 495 557 600 deprehensa
582 510 657 595 est,
691 521 800 596 quam
830 520 852 568 a
884 494 1047 568 sinistris.
1081 495 1139 568 Ita
1171 509 1208 567 et

242 619 455 720 suppuratio
480 616 596 714 varia,
622 619 696 691 sive
720 614 827 688 multi
851 615 953 714 parvi
975 615 1075 714 puris
1102 613 1207 688 fomi-

242 752 297 812 tes
322 763 389 839 per
412 736 625 839 pulmonem
650 737 765 837 sparsi
790 737 942 832 luerint,
960 735 1034 809 sive
1049 735 1208 809 maiores

242 859 406 934 vomicae
432 884 515 932 eum
541 871 787 955 excavassent,
813 855 981 928 dextrum
1004 879 1092 955 prae
1118 857 1210 930 sini·

242 994 317 1056 stro
351 979 573 1080 frequentius
608 965 817 1074 infestavit,
846 974 982 1077 illaque
1016 976 1212 1079 exempla,

241 1100 307 1175 ubi
332 1099 477 1202 alterius
502 1099 624 1174 lateris
649 1099 726 1173 lobi
743 1097 1004 1198 suppuratione
1020 1097 1068 1171 ad
1087 1111 1211 1173 toturn

243 1221 318 1295 fere
351 1221 447 1295 exesi
479 1235 586 1321 atque
620 1219 828 1318 consumpti
858 1230 983 1316 erant,
1016 1245 1036 1290 a
1072 1218 1217 1310 darttris⁴

242 1343 453 1441 praesertim
477 1341 634 1415 luerunt
667 1343 835 1438 Ingentes
863 1351 987 1412 tamen
1008 1337 1211 1414 abscessus

241 1462 282 1533 in
307 1463 451 1535 sinistro
477 1462 700 1560 frequentius
725 1460 858 1558 reperti
874 1472 960 1531 sunt
985 1484 1027 1532 ac
1053 1462 1094 1532 in
1120 1459 1210 1536 dex·
1301 1459 1302 1462 '

243 1593 301 1655 tro
326 1584 508 1682 superiore
522 1579 629 1670 lobo,
644 1583 696 1654 ita
712 1594 814 1652 atax
830 1581 875 1654 eo
893 1581 1003 1653 etiam
1021 1597 1208 1680 appareat,
1301 1623 1302 1646 r

243 1702 427 1776 sinistrum
451 1701 664 1802 pulmonem
689 1700 737 1772 ad
761 1712 905 1772 acutam
924 1701 1038 1798 magis
1064 1700 1210 1775 inflam-

242 1823 442 1896 mationem
466 1844 706 1925 propensum‚
732 1819 899 1904 dextrum
916 1817 1111 1897 chronicae
1128 1847 1208 1895 ma·
1301 1883 1302 1920 ,

244 1944 296 2041 gis
323 1942 521 2018 obnoxium
545 1967 640 2039 esse,
665 1941 786 2014 eidam
812 1954 951 2038 tamen,
975 1965 1048 2040 quo
1071 1941 1207 2040 lentius
1301 2001 1302 2012 ,

243 2063 434 2164 procedat,
462 2064 593 2138 certius
620 2063 742 2136 omnia
767 2057 981 2161 depravanti
1007 2075 1118 2162 atque
1145 2090 1206 2138 va-

245 2186 366 2257 stanti.
396 2179 611 2285 Impeditior
642 2181 753 2282 paulo
782 2205 838 2254 res
872 2196 928 2284 est
953 2181 1053 2282 quod
1078 2182 1128 2256 ad
1154 2199 1208 2260 tu-

244 2301 392 2378 bercula
422 2302 640 2404 pulmonum
672 2303 818 2376 attinet:
852 2326 895 2374 ea
919 2303 1018 2376 enim
1042 2304 1211 2381 sinistros

246 2417 352 2510 lobos
392 2423 615 2523 frequentius
645 2424 695 2514 in,
717 2419 927 2496 universum
956 2424 1207 2524 intercipere,

247 2541 374 2640 dextro
405 2543 491 2618 vero
520 2545 561 2616 in
589 2540 700 2616 latere
731 2544 873 2642 saepius
901 2567 992 2644 pure
1016 2543 1128 2643 plena
1152 2573 1208 2620 re·

247 2664 358 2762 periri
392 2660 573 2737 videntur.
600 2657 713 2762 lllud,
744 2666 775 2736 si
805 2687 890 2738 oum
918 2663 1106 2738 Ponrauro
1141 2691 1216 2766 pro.

247 2780 425 2878 glandulis
449 2781 685 2884 lymphaticis
697 2785 814 2858 auctis
826 2782 999 2858 habenda
1012 2785 1104 2883 sint,
1123 2811 1207 2860 cum

247 2897 498 3000 glandularum
540 2889 771 2978 ceruicalium
793 2906 945 2979 sinistri
965 2904 1104 3004 lateris
1139 2909 1209 2982 sre-

248 3023 429 3122 quentio'ri
453 3025 731 3100 intumescentia
756 3028 806 3122 (ι)
833 3026 1053 3100 conveniret.

321 3141 353 3234 §-⁴
373 3169 433 3245 99.
459 3139 601 3245 ¹Aquam
626 3145 888 3222 Isauraaunrus
912 3147 966 3245 (a)
985 3147 1102 3245 magis
1119 3137 1208 3223 sem.
1300 3157 1301 3204 1

247 3285 313 3360 per
341 3265 382 3337 in
413 3266 598 3340 sinistrum
630 3267 788 3342 thoracis
822 3293 952 3343 carum
987 3267 1139 3344 effusam
1170 3273 1207 3344 iu

658 3570 660 3582 l

254 3659 477 3735 mvmsm

143 3799 147 3806 ,
252 3747 482 3823 whcpw
