2586 4480
276 275 291 322 r
323 249 348 321 6
723 311 725 319 ,

242 278 373 440 molius
385 419 395 461 ,
422 387 496 462 qao
521 363 561 434 in
586 359 782 434 humorem·
806 383 834 430 a.
852 359 946 434 vasis
970 347 1193 458 lymphaticis
1282 385 1283 392 ¹

242 486 312 558 sibi
340 482 540 557 adductum
566 493 691 579 agant,
714 483 917 552 etiamnum
949 479 1197 582 nescimus:-

239 606 285 678 In
310 618 465 703 utroque
490 602 601 674 latere
626 603 748 699 itaque
783 599 1003 672 eminentior
1032 598 1079 670 ad
1109 623 1201 676 mor.⁴

240 726 348 810 boses
375 724 582 795 affectiones
593 721 790 819 ,dispositio
809 719 981 792 obiicitur
1001 731 1119 790 certae
1144 743 1201 792 cua

239 845 381 917 iusdam
406 842 511 914 seriei
544 865 783 938 organorum,
817 864 909 937 quae
942 839 1012 910 sibi
1036 839 1200 914 invicem.

241 964 363 1063 aliquo
388 974 555 1061 respectu
580 961 687 1035 valde
714 958 854 1056 affinia,
879 961 923 1030 iis
950 957 1097 1030 alterius
1117 956 1203 1032 latc-
1282 957 1283 976 ¹

239 1087 288 1158 ris
303 1081 503 1154 dissimilia
528 1094 613 1152 sunt
646 1092 754 1178 atque
780 1105 801 1150 c
827 1081 1012 1152 contrario
1048 1077 1201 1152 obstant..

144 1248 146 1256 ν
240 1204 341 1302 Quae
368 1199 516 1298 quidem
549 1199 736 1296 utriusque
767 1197 873 1269 seriei
907 1195 1095 1295 oppositio
1130 1209 1203 1274 tum⁴

239 1324 348 1394 etiam
371 1307 449 1392 uon
475 1317 634 1414 tollitur,
659 1339 773 1416 quum
804 1317 964 1416 partium
995 1315 1202 1388 dextrarum

239 1421 467 1536 affinitatem,
495 1438 540 1512 de
567 1463 638 1536 qua
663 1437 817 1534 maiori-,⁴
838 1461 881 1509 ac
906 1438 1026 1535 primo
1056 1451 1198 1536 aspectu

242 1557 512 1656 assentetur,
531 1558 626 1630 infra
644 1559 754 1630 etiam
770 1581 886 1656 pauca
904 1555 1091 1655 dicentur,
1110 1558 1204 1650 ineo

241 1694 384 1752 tantum
399 1677 557 1752 locatam
574 1681 652 1750 es'se
668 1678 942 1774 conveniamus,
959 1676 1061 1776 quod
1079 1679 1204 1782 nonin

245 1799 397 1874 classem
423 1797 524 1870 illam
540 1822 760 1895 organorum
785 1799 1073 1896 secernentium,
1100 1823 1204 1897 quam

124 1919 126 1925 ’
238 1921 277 1992 in
299 1920 448 1992 sinistro
474 1917 587 1992 latere
616 1920 827 2015 praesertim
848 1917 984 1993 morbis
1010 1915 1204 1994 obnoxiam

239 2038 414 2139 superiori
442 2038 668 2138 paragrapho
693 2037 872 2134 indicavi,
905 2038 1203 2114 referendarius..

207 2233 209 2238 ,
317 2166 342 2248 5.
377 2159 455 2254 141.
481 2157 533 2228 Ut
558 2171 696 2255 partes,
715 2182 807 2256 quae
832 2157 872 2228 in
897 2159 1044 2244 sinistro
1062 2171 1101 2238 et
1117 2183 1202 2258 quac

240 2281 283 2352 iu
306 2277 432 2350 dextro
459 2276 613 2352 dimidio
628 2335 630 2340 ,
647 2302 800 2376 corpore
834 2277 1071 2376 frequentius
1097 2279 1200 2364 affici<

235 2411 370 2494 untur,
390 2396 435 2468 ab
462 2397 624 2470 invicem
640 2396 829 2496 differunt,
845 2398 1057 2494 aegrotandi
1077 2398 1202 2488 modus

227 2495 369 2612 ⁸etiam,
397 2515 836 2615 generaliterjspectatus,
861 2517 952 2590 alius
978 2531 1031 2590 est
1061 2521 1103 2591 in
1134 2517 1200 2596 alio

238 2635 359 2710 latere.
386 2635 430 2707 Iu
456 2623 606 2710 sinistro
633 2661 736 2734 aegra
769 2640 948 2735 vegetatio
974 2640 1104 2736 aquosi
1129 2637 1200 2722 lati-

239 2758 290 2830 cis
316 2756 496 2854 imprimis
523 2757 698 2830 exseritur
722 2759 949 2857 separatione
973 2771 1098 2856 aucta‚
1116 2757 1199 2832 dum

209 2861 222 2940 J
238 2863 553 2971 morbildextrum
579 2901 668 2974 prae
693 2875 757 2958 illo
778 2863 1006 2976 'frequentius
1040 2890 1204 2952 tenentes
1282 2855 1283 2928 l

239 2994 286 3066 ad
311 3021 425 3068 unum
451 3019 579 3068 omncs
605 2995 664 3069 adi
684 2994 1023 3090 inflammationem¹
1043 2999 1211 3095 pertine.

236 3129 320 3211 aut,
346 3129 383 3191 et
408 3114 456 3188 ad
481 3114 695 3188 chronicam
720 3116 867 3214 quidem
892 3118 1115 3216 praecipue,
1144 3117 1199 3193 oui

237 3234 283 3308 ab
310 3238 389 3334 ipsa
414 3234 585 3308 inductae
610 3259 648 3308 sc
674 3235 876 3334 adiungunt
908 3263 993 3310 oum
1026 3262 1198 3336 supernu-
1282 3215 1283 3244 ¹

236 3357 336 3428 tritio
362 3367 398 3427 et
422 3354 626 3453 induratiO,
644 3369 723 3428 tum
741 3353 917 3431 emollitio
935 3370 972 3429 et
987 3357 1196 3457 suppuratio

234 3477 411 3575 partiums
429 3474 473 3546 In
498 3472 671 3573 pulmone
698 3489 837 3550 tantam
859 3476 907 3551 ob
925 3503 1095 3552 vasorum
1121 3475 1200 3576 san-¹

236 3595 689 3694 guilerorumscopiamet
714 3598 890 3672 continuo
915 3600 955 3670 in
979 3623 1064 3672 eum
1088 3585 1195 3696 pcne-

235 3727 392 3812 trantem
417 3740 537 3790 aerem
561 3741 727 3818 oxygene
741 3731 940 3794 scatentem
959 3716 1193 3794 inflammatio
