2586 4480
100 391 278 489 gignantur
301 387 512 488 hydrogene
522 387 679 488 divites,
697 389 804 491 quod
819 341 1048 493 hydrogenes

99 511 134 582 in
164 511 333 621 sanguiris
364 533 478 583 venae
511 523 699 608 portarum
730 513 882 612 ipsoque
917 514 1049 614 hepate

97 625 247 706 eminere
272 609 414 704 dicatur
438 643 546 730 atque
572 629 720 703 cerebro
745 629 984 729 probabiliter
1007 638 1048 708 in

48 737 50 744 ⁴
98 747 215 822 dextro
237 747 349 823 latere
374 751 421 822 sit
444 751 561 821 maior
579 751 1047 850 praestantiarpaeuead-

45 958 49 964 ¹
95 865 277 968 ducimur,
309 883 352 941 ut
374 868 612 944 nihilominus
644 873 827 970 expositae
851 871 973 944 lateris
1001 874 1053 944 si-'

93 990 191 1062 nistri
206 989 466 1090 peculiaritati,
483 991 542 1062 cui
560 988 723 1064 adextra
747 992 863 1064 maior
883 993 1050 1068 omnium

93 1109 265 1186 elementa
279 1177 283 1188 .
298 1125 453 1211 quatuor
488 1109 792 1183 intercedentium
831 1111 1050 1190 relationum

94 1234 308 1334 conspiratio
329 1232 544 1332 opponitur,
570 1229 640 1302 tale
667 1254 812 1330 quoque
837 1231 1049 1322 adiiciamus

92 1353 411 1453 utriusquepartis
437 1350 651 1449 discrimen,
684 1375 756 1450 quo
782 1353 973 1428 sinistrum.
993 1353 1049 1428 di-

92 1471 241 1546 midium
268 1496 400 1570 corpus
430 1472 585 1568 positivo
620 1469 810 1544 columnae
843 1473 1049 1570 galvanicae

91 1589 189 1688 polo,
214 1590 263 1664 ad
289 1615 399 1690 quem
431 1613 627 1688 exygenes,
660 1589 827 1662 dextrum
857 1594 1049 1691 negative,

91 1711 136 1782 ad
152 1738 262 1812 quem
278 1710 505 1810 hydrogenes
531 1709 690 1806 elicitur,
714 1711 828 1806 magis
854 1703 959 1784 affine
984 1704 1050 1786 ha·

90 1828 247 1906 beamus.
274 1818 384 1922 Quod
417 1829 612 1902 discrimen
642 1830 750 1903 etiam
779 1855 842 1902 sua
854 1885 865 1932 ,
898 1834 1051 1909 minoris

90 1947 173 2024 licet
201 1949 426 2024 aestimanda
458 1951 554 2045 sint',
586 1949 768 2046 conferet,
801 1964 842 2022 ut
877 1953 917 2022 in
954 1952 1050 2026 illius

89 2070 224 2144 morbis
243 2071 466 2170 frequentius
483 2070 655 2170 oxygenis
673 2069 1049 2170 eminentiaemergat

90 2189 182 2265 iusto
208 2191 337 2268 maior.
388 2214 393 2218 ·

89 2343 92 2348 ·
132 2370 134 2373 ,
158 2317 186 2398 5.
207 2308 288 2383 152.
306 2308 416 2400 Quod
433 2332 628 2394 nervorum
644 2308 853 2409 efficientia,
871 2311 917 2386 ad
940 2339 1050 2412 quam

89 2428 237 2503 tandem
249 2427 449 2528 aliquando
466 2441 521 2502 est
536 2429 811 2528 reveniendum,
838 2432 1052 2508 insinistro
1126 2471 1130 2484 ¹

88 2543 196 2622 latere
221 2549 331 2622 variis
357 2547 620 2646 affectionibus,
646 2549 757 2622 modo
783 2575 829 2622 ne
847 2577 1049 2628 evaeorum

88 2681 283 2787 systemate
300 2683 409 2768 prave
427 2668 608 2742 habente
600 2657 746 2742 mitium
760 2666 896 2763 ducant
901 2675 1049 2786 ,magis

88 2789 247 2863 obnoxia
272 2791 334 2888 sit,
359 2788 456 2861 facili
480 2790 643 2886 negotio,
668 2813 880 2887 processum
913 2791 1050 2868 anima
1154 2795 1156 2801 ’

88 2904 178 3007 lem,
205 2934 278 3008 quo
304 2910 448 3006 nititur,
475 2908 675 2982 dummodo
694 2935 778 2982 cum
802 2909 972 3008 plurimis
984 2935 1050 2986 110·

88 3030 152 3100 stri
180 3030 377 3128 temporis
395 3027 620 3128 physiologis
655 3028 842 3126 galvanico
873 3053 1052 3136 ponamus
1114 3080 1120 3094 ·

86 3137 328 3246 respondere,
364 3173 448 3218 oum
472 3147 678 3246 praemissis
704 3147 926 3220 conciliatur
957 3147 1050 3218 Sim

86 3261 307 3362 plicissimus
333 3267 430 3336 enim
448 3263 663 3362 galvanismi
684 3267 830 3340 effectus
856 3288 968 3366 aquae
994 3281 1049 3339 est

88 3382 285 3458 disiunctio
310 3385 350 3456 in
375 3408 555 3483 exygenes
581 3401 618 3462 et
635 3385 881 3484 hydrogenes,
905 3385 1052 3460 harum·-

88 3527 160 3603 que
190 3505 267 3578 eius
302 3504 502 3578 formarum
533 3507 770 3604 oppositioni·
788 3505 1053 3603 alternantique

88 3624 343 3722 provocationi
374 3625 415 3696 in
444 3649 642 3724 nervomm
676 3624 843 3721 actione,
874 3635 1056 3722 quatenus.

82 3739 220 3818 saltem
232 3741 280 3817 ad
292 3742 542 3820 musculorum
556 3744 714 3846 pertinet
729 3755 871 3822 motum
887 3765 1054 3820 coenses·
