2586 4480
268 283 345 376 aod

240 401 304 474 illa
330 413 471 500 autem,
495 415 538 474 nt
556 400 775 477 morborum
798 403 1034 502 vegetationis
1058 405 1125 478 aba
1142 429 1187 478 se

241 520 312 594 ries
336 523 376 594 in
401 522 567 621 sinistro,
592 522 662 594 alia
686 523 726 594 in
752 521 890 628 dextro
909 525 1102 625 praecipue
1129 523 1187 596 ob·

237 642 377 738 reniet,
402 642 443 714 in
473 666 515 714 ea
548 644 712 742 eorporis
745 645 977 743 asymmetria
1010 643 1189 717 subsistere

237 775 402 862 oportet,
427 786 524 862 quae
548 761 625 836 sola
649 762 839 864 plerasque
865 765 942 838 cius
972 777 1092 864 partes
1119 753 1189 864 spe·

238 895 317 955 ctat
328 937 341 980 ,
365 879 521 982 ideoque
546 881 623 956 sola
652 882 714 960 hic
740 882 787 956 ad
813 909 880 957 nos
907 885 1059 982 attinet,
1084 907 1188 982 eoque

234 1002 350 1100 magis
361 1055 373 1099 ‚
398 1026 513 1100 quum
538 1025 560 1072 a
582 999 708 1074 multis
734 1000 781 1074 ad
805 1001 1038 1102 exponendas
1062 1001 1191 1102 specia-

235 1119 289 1194 les
314 1118 511 1193 nonnullas
535 1119 757 1194 differentias
790 1120 953 1194 adhibita
985 1122 1045 1194 sit.
1069 1122 1191 1195 Aortae

236 1237 402 1336 laevum,
427 1263 602 1312 venarum
627 1265 798 1316 cavarum
818 1225 985 1314 dextrum
1011 1241 1121 1312 situm
1145 1240 1191 1310 in·

236 1347 377 1457 telligo,
403 1383 477 1458 quo
502 1359 580 1432 fieri
600 1359 753 1457 dicitur,
770 1374 813 1434 ut
827 1385 894 1461 per
907 1356 1094 1439 breviores
1109 1372 1191 1430 arte·

236 1479 308 1550 rias
325 1479 453 1550 maiori
468 1480 507 1551 in
524 1492 645 1578 partes
658 1479 819 1553 sinistras
836 1481 1018 1576 sanguinis
1033 1490 1192 1580 penetret

236 1599 393 1696 impetu,
419 1623 486 1698 per
509 1623 619 1671 venas
644 1597 824 1693 longiores
841 1596 943 1671 etad
963 1611 1107 1697 partem
1131 1595 1190 1670 sub

236 1716 374 1816 angulis
400 1717 474 1790 fere
500 1719 607 1790 rectis
632 1718 790 1791 invicem
807 1717 876 1790 sibi
897 1718 1191 1817 impositas,3.vero

233 1837 355 1910 minus
379 1836 545 1938 expedite
570 1839 682 1910 exiis
707 1837 848 1934 redeat,
875 1834 1017 1910 facilius
1033 1791 1193 1935 igiiuriu

232 1958 279 2028 iis
303 1983 413 2058 quarn
444 1957 485 2030 in
518 1957 651 2031 dextris
685 1945 900 2055 congeratur
933 1969 971 2029 et
1001 1970 1189 2055 stagnatur.

232 2075 431 2176 Utriusque
468 2075 660 2150 ventriculi
700 2075 843 2150 cerebri
877 2074 1034 2148 lateralis
1075 2069 1190 2148 autem

232 2220 315 2268 vasa
340 2198 535 2297 praecipua
559 2199 599 2269 in
624 2195 785 2284 eundum
809 2196 931 2268 sinum
948 2193 1191 2296 longitudine·
1281 2173 1282 2204 ¹

231 2315 305 2389 lem
329 2315 506 2413 influunt,
532 2315 657 2389 dextra
682 2317 813 2390 caretis
830 2317 976 2388 sinistra
992 2314 1118 2389 forsan
1134 2341 1189 2390 ve·

232 2433 458 2534 hernantius,
480 2448 577 2509 certe
597 2459 673 2508 non
688 2436 810 2508 minus
825 2434 968 2508 fortiter
981 2437 1191 2534 sanguinem
1280 2515 1281 2522 χ

229 2555 395 2654 proiicit,
412 2567 449 2627 et
463 2539 701 2628 nihilominus
718 2553 864 2648 illorum
880 2555 1040 2651 sinister,
1057 2556 1190 2655 pariter

232 2700 275 2748 ac
291 2674 432 2776 pleura,
444 2676 620 2772 orarium,
631 2676 778 2756 tunicae
791 2673 973 2773 vaginales
990 2675 1129 2748 sinistri
1144 2674 1190 2746 la·

230 2797 337 2890 teris,
362 2808 417 2867 est
442 2819 528 2892 prae
554 2793 680 2867 dextro
698 2792 745 2866 ad
760 2792 965 2894 hydropem
981 2796 1095 2892 magis
1112 2819 1189 2894 pro·
1279 2829 1280 2836 ¹

231 2939 321 3010 nus3
346 2937 483 3013 paucae
508 2912 624 2986 lineae
641 2914 793 3012 deinde,
813 2913 944 3013 quibus
969 2937 1063 2989 vena
1087 2913 1189 2988 iliaca

229 3035 372 3106 sinistra
389 3047 446 3106 est
461 3031 606 3130 longior
622 3031 761 3131 dextra,
776 3032 824 3106 ad
840 3032 986 3132 longam
1002 3035 1100 3108 niam
1115 3045 1190 3106 san·

227 3154 329 3250 guini
353 3178 374 3224 a
400 3153 493 3252 pede
527 3152 737 3227 ascendenti
769 3152 1052 3250 percurrendam
1084 3151 1189 3252 plane

227 3285 449 3346 evanescunt
456 3299 467 3367 3
493 3295 612 3372 neque
639 3272 831 3370 quisquam
855 3272 941 3368 erit,
957 3271 1020 3368 qui
1036 3270 1188 3366 cerebri,

227 3390 412 3489 pulmonis
431 3393 602 3490 testisque
620 3389 738 3464 dextri
756 3390 1036 3490 frequentiorem
1052 3389 1189 3463 inflam-

150 3501 152 3516 ’
220 3510 426 3582 mationem
445 3491 599 3609 'prorsus
627 3525 749 3583 vetare
766 3522 890 3607 neget,
916 3511 1004 3608 quin
1030 3510 1187 3584 sinistras

226 3641 347 3726 partes
373 3628 420 3700 ad
445 3629 628 3726 sanguinis
654 3609 924 3727 congestionem
941 3644 979 3703 et
993 3631 1185 3728 stagnatio·

220 3769 323 3822 nem·
338 3747 471 3822 dextris
496 3751 609 3849 magis
634 3749 827 3852 dispositas
854 3750 1052 3828 credamus.
