2614 4476
278 206 299 252 2

253 205 320 390 7§.
349 299 427 376 532²
456 301 646 380 Generalis
675 322 783 399 ergo,
817 302 901 374 etsi¹
917 325 993 374 non
1016 315 1187 402 perpetua

215 419 273 496 lex
299 434 371 519 est,
390 435 439 507 ⁴ut
464 421 593 498 dextro
621 422 773 496 cerebro
790 421 888 496 laeso
905 424 1092 496 sinistrum
1115 448 1188 497 cor·

93 572 95 575 ’
215 567 284 642 pus
310 542 370 616 vel
395 542 514 616 solum
522 537 534 638 ,’
558 542 617 617 vel
642 546 785 643 gravius
803 543 933 616 saltem
959 543 1086 618 dextro
1113 545 1187 616 affi-

218 663 354 762 ciatur,
370 676 408 736 et
425 666 504 740 vice
522 689 642 740 versa:
668 689 781 766 eaque
798 666 873 736 iam
888 679 1055 739 veterum
1077 664 1189 739 medi·

217 807 344 857 corum
371 784 586 884 nonnullos,
612 787 859 860 recentiorum
883 782 1061 885 plurimos
1079 785 1190 861 addus
1280 797 1281 802 ’

216 905 268 977 cit
289 904 337 976 ad
362 905 612 1005 quaerendum
638 907 833 981 nervorum
856 907 1011 1004 origines
1027 905 1070 978 in
1087 911 1188 1006 purte
1274 955 1275 960 κ

218 1025 355 1098 cerebri
379 1026 434 1099 illi
463 1027 545 1100 loco
576 1027 760 1128 opposita,
786 1028 825 1099 in
851 1051 925 1125 quo
952 1041 1187 1127 sparguntur,

214 1146 517 1247 ponendumque,
544 1150 584 1220 in
610 1147 791 1222 decursim
812 1173 871 1220 eas
888 1147 1110 1246 abutroque
1138 1147 1186 1219 la·

215 1280 290 1338 tere
315 1265 411 1340 duci.
439 1267 550 1340 Cuius
585 1269 735 1341 interim
760 1268 1022 1342 decussationis
1050 1266 1185 1340 doctri·

216 1411 285 1457 nae
311 1389 417 1485 pauci
444 1389 553 1460 etiam
579 1391 775 1462 extiterunt
792 1386 1093 1487 adversarii„qui
1120 1386 1187 1459 alio

214 1506 328 1580 modo
366 1507 544 1608 explicare
581 1511 704 1582 conati
741 1509 914 1608 quidem,
946 1511 1024 1607 ipsa
1062 1521 1183 1586 tamen

215 1627 423 1726 exponendi
445 1631 644 1703 'variorum
679 1628 874 1704 modorum
899 1615 1182 1726 discrepantia,

1276 1171 1278 1248 i

1274 1331 1278 1564 i

199 1773 328 1847 ·qnam
365 1775 493 1850 parum
526 1750 625 1824 hune
662 1751 702 1822 iu
739 1751 851 1822 finem
884 1750 1074 1849 proposita
1110 1747 1179 1822 suf‘
1275 1727 1277 1802 3

219 1870 368 1969 ficiunt,
400 1871 659 1970 ostenderunt,
693 1897 714 1946 e
748 1871 879 1970 quibus
916 1882 1102 1970 praeterea
1138 1868 1184 1942 ad

216 1991 321 2093 plura
347 2007 585 2092 provocatum
609 2006 717 2091 est‚,a
732 1991 926 2070 recentiori
940 1989 1184 2090 ¹physiologia

218 2114 372 2188 omnino
398 2115 552 2187 refutata
586 2128 624 2187 et
653 2139 812 2188 excussa.
839 2113 941 2203 Quae
969 2124 1118 2209 tamen,
1144 2109 1188 2184 ne

212 2227 358 2333 ⁴longius
384 2248 482 2309 extra
509 2235 595 2324 huic
622 2235 923 2312 commentationi
940 2231 1081 2333 positos
1099 2228 1188 2306 fines

215 2355 444 2457 progrediar,
471 2357 824 2454 omittamomuino,
848 2352 1099 2454 relegemque,
1119 2353 1188 2453 qui

219 2475 500 2579 plurauupiat,
535 2476 583 2550 ad
606 2475 748 2576 Percu,
784 2469 912 2578 quiin
938 2469 1189 2550 dissertatione

217 2597 263 2673 de
278 2597 430 2674 homine
448 2596 576 2672 dextro
592 2589 629 2672 ei
645 2598 791 2676 sinistro
808 2599 857 2691 (ι)
876 2595 1001 2671 omnia
1017 2591 1067 2667 ad
1084 2618 1189 2668 sunm

216 2748 331 2826 usque
357 2736 501 2820 tempus
527 2719 574 2793 de
599 2743 797 2808 nervorum
829 2715 1084 2792 decussatione
1111 2727 1189 2788 acta

218 2845 356 2944 egregie
382 2842 605 2942 composuit,
629 2843 705 2940 ipse
724 2837 1189 2940 decussationisstrenuus‚

219 2968 505 3064 circumspectus
531 2977 656 3040 tamen
681 2949 923 3062 oppugnator.
1007 3041 1009 3048 ¹

292 3091 318 3176 §.
345 3082 425 3159 53³³
454 3083 560 3184 Illic,
592 3082 656 3157 ubi
685 3079 845 3156 medulla
869 3080 995 3182 spinae
1017 3079 1062 3150 in
1089 3101 1184 3152 cere·
1277 3101 1278 3114 ³

217 3205 327 3278 hrum
354 3206 503 3302 transit,
530 3206 626 3306 circa
652 3227 807 3306 corpora
822 3195 1064 3304 pyramidalia
1085 3222 1186 3298 prae·

93 3315 99 3330 ’
220 3329 344 3401 sertim
370 3329 467 3402 etin
483 3339 596 3426 ponte
612 3324 752 3402 Varolii
761 3379 772 3423 ‚
790 3322 935 3400 dextrae
951 3321 1184 3418 sinistraeque
