2594 4474
265 267 315 361 24

307 394 335 477 5.
370 388 425 480 ιιί.
458 383 536 458 Iam
566 390 653 460 vero
675 384 922 487 hemiplegias
958 390 1084 487 paucis
1117 413 1197 489 per·

234 510 422 607 stringere
435 520 590 607 oportet
605 521 739 588 earum
755 509 932 606 partium,
959 533 1052 608 quae
1077 509 1242 586 medio

235 653 388 729 corpore
412 630 501 700 sitae
527 651 547 698 e
572 627 714 701 duabus
746 626 906 702 dimidiis
939 626 1051 702 sibi
1041 631 1200 703 invicem

234 749 414 852 appositis
443 745 697 822 confluxerunt
730 773 888 848 vereque
923 747 1089 848 duplices
1124 773 1199 824 esse

234 869 330 944 linea
362 866 476 942 modo
508 868 726 941 intermedia
758 867 979 942 indicantur.
1011 867 1198 944 Annumc·

126 1057 130 1060 ,
235 989 350 1062 randa
375 990 419 1061 iis
446 1012 591 1088 quoque
617 1002 672 1060 est
699 988 832 1086 facies,
867 991 969 1062 ouius
994 987 1200 1065 alterutrius

233 1108 354 1194 lateris
379 1106 552 1183 resolutio
579 1107 707 1180 crebro
733 1107 933 1182 admodum
963 1106 1199 1206 observatur,

232 1253 332 1302 nunc
358 1228 455 1328 sola,
479 1253 579 1302 nunc
605 1240 750 1301 artuum
766 1225 1084 1302 eiusdcmlateris
1097 1247 1201 1327 para-

232 1347 303 1447 lysi
329 1347 512 1422 adiuncta.
540 1347 620 1422 ted
645 1372 722 1420 non
748 1365 892 1448 semper
917 1360 992 1420 tam
1016 1345 1200 1447 completa
1284 1389 1289 1470 ¹,

231 1469 410 1542 omnium·
423 1467 595 1542 dimidiae
621 1465 726 1538 faciei
747 1465 1000 1540 musculorum
1025 1464 1199 1542 resolutio

231 1600 285 1661 est
297 1642 308 1686 ,
331 1587 485 1688 'qualem
519 1589 718 1661 Wrrrrnus
752 1591 801 1678 (ι)
833 1599 870 1658 et
901 1585 1121 1660 Swrsnnnros
1149 1592 1198 1679 (2)

227 1708 335 1784 nobis
351 1710 558 1808 pinxerunt.
575 1706 757 1781 Viderunt
777 1708 804 1778 ii
822 1708 942 1805 enim,
964 1707 1080 1806 quod,
1107 1707 1197 1782 dum

230 1828 390 1929 frontem
415 1826 579 1902 attollere
606 1819 711 1925 aeger
736 1840 952 1923 conaretur,
984 1839 1110 1898 exacte
1142 1827 1198 1900 di·

227 1947 495 2046 midia‘rugosa
519 1947 710 2043 evaderet,
737 1959 774 2018 et
799 1944 912 2018 altera
932 1959 1056 2020 exacte
1082 1948 1195 2020 etiam

227 2065 380 2138 dimidia
397 2091 480 2164 pars
498 2063 621 2164 'glabra
637 2079 674 2138 et
689 2064 800 2138 laevis
821 2077 1069 2164 permaneret,
1095 2066 1199 2164 quod

227 2209 296 2258 neo
322 2183 413 2258 alter
429 2185 641 2259 orbicularis
659 2182 916 2285 palpebrarum
934 2182 1081 2258 oculum
1100 2184 1197 2258 olau-

228 2303 315 2388 dere
325 2358 336 2400 ,
352 2329 430 2376 nec
448 2304 670 2378 buccinator
692 2304 870 2402 impedire
886 2318 1024 2403 posset,
1051 2329 1097 2378 ne
1124 2306 1199 2380 cibi

226 2425 324 2496 intra
350 2447 479 2522 genam
504 2423 744 2522 paralyticam
761 2436 798 2496 et
815 2421 941 2495 dentes
968 2419 1199 2520 deciderent,

227 2543 329 2644 quod
346 2569 387 2618 os
404 2568 527 2618 versus
543 2569 673 2632 sanum
689 2542 783 2615 latus
801 2544 1069 2639 incurvaretur,
1095 2542 1199 2641 qnod

227 2665 303 2737 imo
330 2663 555 2738 orbicularis
576 2666 649 2736 oris
676 2663 828 2738 dimidia
854 2687 897 2734 ex
926 2676 1029 2761 parte
1045 2654 1197 2736 ¹resolu-

226 2797 285 2856 tus
303 2797 414 2856 esset:
428 2785 572 2882 nequiit
589 2784 688 2856 enim
702 2782 873 2856 Waerrnr
892 2794 1036 2880 aegrota
1052 2783 1093 2853 in
1110 2780 1230 2854 dex„

226 2915 287 3014 tro
313 2902 442 2978 latere
449 2903 546 2978 labia
567 2901 799 2976 ¹”adducere
776 2927 893 3003 nsque
919 2899 1194 3001 apprehendere

227 3034 291 3094 ant
316 3036 439 3098 tenere
465 3021 623 3121 aliquid,
655 3025 779 3123 potuit
804 3035 927 3096 tamen
959 3020 1088 3094 bene
1078 3045 1119 3092 ιιι
1147 3023 1194 3123 si·
1287 3111 1288 3116 Ἰ

226 3143 358 3239 nistro,
385 3155 422 3214 et
444 3141 693 3214 Swmrrnros
684 3156 780 3214 mter
796 3140 1094 3215 manducandum
1117 3113 1194 3213 foe·
1287 3161 1288 3246 j

225 3259 273 3335 do
300 3259 508 3361 spectaculo
536 3261 637 3336 cibos
663 3287 706 3334 ex
719 3287 793 3334 :ore
820 3260 933 3338 dilabi
958 3260 1060 3338 vidit.
1095 3260 1192 3333 Tum
1287 3277 1288 3338 l

564 3571 865 3594 m

228 3682 270 3745 (ι)
287 3681 316 3736 t.
335 3677 358 3735 o.
377 3683 434 3736 obs.
457 3683 512 3736 156.
530 3699 557 3752 p.
575 3683 634 3751 757.

230 3773 270 3838 (a)
287 3768 317 3824 t.
336 3787 358 3824 c.
377 3771 412 3825 ad
429 3769 522 3845 spbor.
544 3769 615 3825 tort.
633 3769 738 3843 p.-286.
