2594 4474
965 274 1012 350 33

93 394 468 471 nollummomentum
504 407 712 491 externum,
737 392 838 467 nulla
870 419 1040 470 vasomm

92 517 230 590 actionis
253 519 295 588 in
320 515 430 588 altera
456 515 592 590 cerebri
608 529 712 616 parte
737 541 758 590 a
783 515 881 591 bona
906 517 1041 594 valetu-

91 634 166 708 dine
189 633 367 710 aberratio
384 635 585 709 normalem
607 635 771 708 eiusdem
795 638 908 736 partis
934 639 1043 732 aetio-

92 780 167 828 nem
196 755 433 830 infirmaverit
463 770 501 830 et
531 755 754 854 inhibuerit,
787 754 853 829 sed
883 757 962 856 ipsa
987 760 1041 830 ris

92 898 211 948 nervea
234 876 326 948 mire
349 873 529 949 fluctuans
555 889 684 974 sponte
710 877 812 974 quasi
838 873 1042 950 discessisse

92 1019 129 1065 er
157 994 268 1068 altero
298 995 450 1069 dimidio
482 993 657 1068 videatur.
692 995 788 1067 lline
828 995 1043 1095 plerumque

91 1111 171 1186 haee
194 1113 411 1215 hemiplegia
429 1116 550 1188 minus
570 1114 730 1215 perfecta
755 1139 797 1187 ao
824 1113 964 1187 facilius
989 1097 1045 1188 di·
1087 1099 1089 1106 ’

91 1233 374 1335 sentiendam,
406 1234 494 1308 hinc
521 1239 630 1308 etiam
655 1236 789 1332 rarius,
815 1259 927 1334 quam
952 1215 1049 1306 alius
1088 1303 1091 1308 .

91 1356 218 1452 generis
247 1355 454 1457 apoplexia,
486 1354 713 1456 spasmodioa
745 1353 929 1456 paralysin
963 1368 1046 1454 post

91 1498 124 1546 se
152 1473 332 1575 relinquit
367 1473 572 1550 Clarissime
603 1499 715 1572 vero,
748 1475 777 1547 si
812 1473 902 1576 quid
927 1473 1044 1572 aliud,
1093 1567 1096 1576 A
1143 1561 1148 1572 ⁸

91 1589 171 1666 haee
185 1593 404 1696 hemiplegia
418 1593 569 1695 probat,
583 1579 843 1670 Bormanon
867 1607 964 1668 recte
989 1596 1046 1667 iu·

91 1709 236 1812 dieasse,
261 1715 374 1788 etiam
403 1715 443 1788 iu
468 1716 679 1815 operatione
710 1739 774 1787 sua
805 1713 940 1814 duplex
971 1737 1047 1786 esse

23 1857 26 1866 ¹
92 1833 305 1932 prineipium
342 1834 501 1906 sentiens
541 1848 579 1907 et
616 1859 777 1935 movens.
819 1835 954 1906 Ansam
985 1831 1048 1905 illa

92 1952 324 2051 praebebunt,
349 1953 632 2054 frequentiorem
648 1956 724 2026 eius
746 1951 983 2054 hemiplegiae
1008 1954 1049 2025 in

93 2068 208 2148 dextro
232 2073 348 2147 latere
374 2088 496 2147 ortum
526 2076 637 2147 satius
669 2073 792 2146 forsan
824 2071 1049 2173 explicandi,

93 2194 204 2290 quam'
217 2219 262 2269 ex
288 2220 331 2268 ea
356 2193 503 2268 Zutnsr
530 2199 577 2286 (ι)
612 2195 820 2268 coniectura
852 2191 1049 2293 explicatus

94 2319 165 2409 est,'
181 2313 282 2411 quod
307 2337 350 2387 ex
374 2339 442 2388 usu
464 2313 700 2410 frequentiori
725 2310 867 2386 brachii
892 2325 930 2381 et
955 2311 1050 2407 forte

93 2419 194 2502 totius
220 2429 343 2503 lateris
369 2428 485 2503 dextri
502 2453 698 2520 nervorum
723 2442 838 2500 status
863 2429 915 2502 ita
940 2429 980 2500 in
1005 2451 1050 2500 eo

93 2545 298 2623 immutetur
310 2603 321 2648 ,
354 2562 396 2622 ut
427 2547 671 2624 sensibiliores
705 2547 987 2648 mobilioresque
1024 2548 1051 2621 ii

95 2668 262 2767 evadant,
286 2668 346 2744 vel
369 2693 413 2742 ex
429 2668 609 2770 ea7'quod
624 2668 754 2768 hepar,
772 2692 815 2740 ex
841 2668 943 2744 euius
969 2691 1052 2765 sup·

95 2791 279 2884 puratione
306 2787 473 2862 debilitas
498 2802 549 2862 et
567 2787 824 2862 insensibilitas
853 2789 893 2859 in
924 2785 1052 2875 dextro

97 2900 201 2982 latere
224 2921 348 2982 exorta
373 2933 450 2982 esse
476 2907 660 2982 interdum
680 2909 756 2984 visa
783 2920 853 3004 est,
878 2918 920 2993 ut
944 2896 1053 3005 pluriss

96 3045 190 3099 mum
214 3029 290 3102 iam
309 3027 406 3124 male
433 3028 602 3102 affectum
617 3031 657 3102 in
675 3025 911 3129 apopleeticis
936 3024 1053 3124 hypo·
1111 3109 1115 3116 ,

98 3141 321 3222 chondriaeis
346 3148 394 3222 ad
418 3174 603 3250 spasmum
627 3149 668 3220 in
700 3148 756 3220 sui
785 3147 929 3222 viciniis
958 3144 1054 3229 exci-

99 3264 243 3340 tandum
268 3269 386 3368 aptius
411 3270 470 3342 sit·
493 3267 590 3342 Alias
605 3267 674 3343 nee
699 3268 811 3364 magis
836 3263 1067 3339 sufficientes
1134 3349 1136 3354 ,
1182 3317 1187 3324 -

107 3754 551 3834 <musmoumo
