2614 4476
854 301 856 313 .
998 248 1020 320 3

106 367 173 438 cius
195 363 302 464 partis
317 357 474 438 [fibrillas
489 383 659 458 magnam
681 358 808 436 saltem
834 359 881 434 ad
904 269 1047 462 pardem

107 483 272 558 decussari
288 493 325 556 et
339 484 378 556 in
395 482 603 582 oppositum
618 478 714 554 lalus
731 479 936 580 transduci,
953 507 1048 558 sum·

104 604 423 701 memororum,
436 600 814 700 Ssucronrmfflmw,
827 599 1053 704 woman,
1121 659 1126 670 .

102 723 218 798 llmrur
230 730 295 823 (r),
313 725 570 800 Somusmcn
586 727 648 822 (2),
664 721 792 796 Graan
808 747 851 797 oa
864 723 1050 799 Srunzuu·

102 871 151 919 uu
167 846 231 946 (3),
248 845 421 920 Mscmu
438 845 486 938 (4)
505 844 718 918 anatomicis
736 841 1049 946 disquisitionibus

103 983 190 1042 exua
214 993 362 1042 omnem
386 966 624 1041 dubitationis
649 953 774 1040 aleam·
788 968 949 1066 positum
974 992 1050 1040 esse

96 1089 241 1164 udatur.
266 1089 349 1181 Qua
373 1095 459 1163 vcro
484 1113 541 1188 re,
560 1086 717 1162 multum
733 1085 851 1184 abest,
868 1089 956 1188 quin
973 1089 1048 1160 om·

101 1219 156 1284 'nes
180 1209 408 1286 difficultates
433 1209 571 1284 solutae
596 1211 680 1285 sint.
706 1189 879 1282 Nondum
895 1205 1051 1308 explica-

103 1345 173 1402 tum
196 1344 274 1430 est,
300 1357 366 1404 cur
388 1329 545 1404 musculi
570 1329 698 1428 faciei,
724 1353 790 1404 cur
814 1353 947 1427 organa
973 1353 1051 1402 sen·

101 1475 217 1551 suum,
244 1453 274 1526 si
301 1450 348 1525 ad
373 1475 415 1525 ea
440 1467 553 1552 usque
579 1448 795 1551 hemiplegia
824 1448 1050 1548 extenditur,
1110 1429 1114 1436 ¹

101 1571 220 1646 eodeni
243 1571 442 1671 inlusere,
469 1597 543 1672 quo
568 1570 742 1671 paralysis
773 1585 871 1645 artus
895 1569 1052 1671 prehen-

102 1691 148 1766 dit
155 1749 166 1792 ‚
190 1691 439 1792 resolvamur,
465 1699 582 1792 neque
607 1693 646 1764 in
665 1693 852 1792 opposito.
878 1689 1052 1764 Nondum

99 1831 190 1913 patet
212 1819 324 1914 ratio,
351 1816 486 1916 quain
513 1811 705 1887 aliusmodi
721 1814 831 1885 ctiam
856 1834 1052 1886 nervorum

102 1935 288 2012 affectibus
309 1950 419 2037 caput
449 1935 510 2011 viri
542 1958 703 2034 unquam
736 1957 812 2006 non
845 1932 890 2005 ab
922 1930 1053 2005 eodem

99 2054 200 2132 latere
233 2059 404 2132 affectum
442 2057 510 2154 sit,
543 2081 563 2126 a
597 2077 669 2154 quo
708 2052 887 2154 reliquum
921 2077 1054 2152 corpus

101 2182 251 2277 aegrotat
277 2177 338 2272 (5).
363 2177 492 2250 Ferme
516 2200 662 2250 necesse
695 2176 792 2273 erit‚·
811 2175 1051 2274 accipiamus,
1088 2195 1090 2200 ·

99 2315 232 2397 practer
256 2297 397 2374 cerebri
413 2301 461 2371 sin
486 2295 683 2373 medullam
699 2297 922 2369 excurrentia
949 2319 1052 2366 crura

99 2422 255 2494 omnium
280 2421 391 2494 etiam
415 2442 610 2493 nervorum
636 2415 872 2490 cerebralium
897 2415 1052 2513 origines

98 2540 337 2620 indecussim
361 2539 457 2614 duci.
483 2539 671 2632 Quaenam
698 2536 859 2612 adhaec
886 2539 1053 2626 cominis-

99 2685 257 2738 surarum
288 2660 423 2738 cerebri
456 2662 503 2733 sit
534 2659 715 2758 dignitas,
749 2681 926 2758 quaenam
959 2657 1051 2727 ratio

437 2970 736 3018 m

104 3160 139 3219 (ι)
156 3157 192 3210 Ei.
211 3157 262 3212 ra't.
279 3158 348 3210 med.
367 3157 395 3210 Ρ.
413 3149 460 3212 lV.
477 3175 502 3228 p.
521 3174 579 3210 211.

103 3251 139 3309 (a)
154 3247 333 3302 Nervenlclsre.
349 3247 378 3313 S.
397 3237 437 3316 73.

107 3331 139 3396 (3)
159 3336 236 3401 Anat.
259 3342 287 3387 et
309 3334 421 3405 physiol.
440 3334 476 3385 du
494 3341 607 3403 systema
625 3347 744 3385 nerveux
761 3330 791 3383 T.
811 3331 831 3382 1.
854 3329 924 3381 raro.
942 3345 968 3398 p.
987 3328 1027 3380 58.

100 3403 141 3485 ’(4)
151 3423 232 3491 Asca,
242 3431 327 3494 praes.
338 3423 460 3488 ltlzcnn3
479 3421 540 3474 diss.
553 3423 586 3473 de
603 3421 674 3473 vitiis
685 3418 820 3472 nonnullis
835 3413 966 3468 medullae
982 3417 1048 3485 spin.

125 3507 127 3513 '
155 3512 241 3562 minus
259 3501 377 3578 cognitis.
395 3509 476 3561 Halae
498 3509 569 3562 1815.
587 3509 613 3573 ἕ.
630 3509 656 3560 6.

104 3595 139 3657 (5)
156 3595 323 3670 Quandoque
341 3614 405 3650 vers
422 3598 514 3667 cupitis
532 3576 610 3649 unius
627 3596 719 3648 lateris
735 3593 856 3646 affectum
873 3591 970 3662 reliqui
991 3606 1049 3641 cor·

156 3687 226 3751 poris
244 3687 356 3756 oppositi
374 3686 463 3737 lateris
481 3685 585 3740 affectui
602 3682 775 3754 respondere,
793 3681 958 3740 Visusssuxrr
979 3695 1050 3729 mor-

158 3771 206 3824 bus
224 3771 303 3832 docet
320 3775 345 3838 S.
368 3775 405 3828 1-3.
423 3774 517 3825 allatus

224 3863 247 3914 J.
265 3861 467 3916 Fiant-Vol.
486 3861 506 3914 l.
782 3915 787 3922 ,
895 3855 925 3920 l*
