<?xml version="1.0" encoding="UTF-8"?>
<!DOCTYPE html PUBLIC "-//W3C//DTD XHTML 1.0 Transitional//EN"
    "http://www.w3.org/TR/xhtml1/DTD/xhtml1-transitional.dtd">
<html xmlns="http://www.w3.org/1999/xhtml" xml:lang="en" lang="en">
 <head>
  <title>
</title>
<meta http-equiv="Content-Type" content="text/html;charset=utf-8" />
  <meta name='ocr-system' content='tesseract 3.04.00' />
  <meta name='ocr-capabilities' content='ocr_page ocr_carea ocr_par ocr_line ocrx_word'/>
</head>
<body>
  <div class='ocr_page' id='page_1' title='image "./delectusopuscul02frangoog_0043.png"; bbox 0 0 2594 4474; ppageno 0'>
   <div class='ocr_carea' id='block_1_1' title="bbox 134 252 1283 2407">
    <p class='ocr_par' dir='ltr' id='par_1_1' title="bbox 134 252 1283 2407">
     <span class='ocr_line' id='line_1_1' title="bbox 272 252 322 328; baseline 0 0"><span class='ocrx_word' id='word_1_1' title='bbox 272 252 322 328; x_wconf 85' lang='lat'><strong>26</strong></span> 
     </span>
     <span class='ocr_line' id='line_1_2' title="bbox 246 363 1208 475; baseline 0.002 -29"><span class='ocrx_word' id='word_1_2' title='bbox 246 365 475 472; x_wconf 84' lang='lat' dir='ltr'><strong>deglutitioni</strong></span> <span class='ocrx_word' id='word_1_3' title='bbox 500 365 749 468; x_wconf 68' lang='lat' dir='ltr'><strong>inservientes⁴</strong></span> <span class='ocrx_word' id='word_1_4' title='bbox 764 363 919 446; x_wconf 83' lang='lat' dir='ltr'><strong>musculi</strong></span> <span class='ocrx_word' id='word_1_5' title='bbox 945 391 1208 475; x_wconf 82' lang='lat' dir='ltr'><strong>nonnunquam</strong></span> 
     </span>
     <span class='ocr_line' id='line_1_3' title="bbox 245 491 1210 596; baseline 0.002 -28"><span class='ocrx_word' id='word_1_6' title='bbox 245 494 502 596; x_wconf 82' lang='lat' dir='ltr'><strong>hemiplegiam</strong></span> <span class='ocrx_word' id='word_1_7' title='bbox 526 494 725 593; x_wconf 87' lang='lat' dir='ltr'><strong>patiuntur.</strong></span> <span class='ocrx_word' id='word_1_8' title='bbox 751 491 891 568; x_wconf 88' lang='lat' dir='ltr'><strong>Uvulae</strong></span> <span class='ocrx_word' id='word_1_9' title='bbox 917 513 1008 594; x_wconf 84' lang='lat' dir='ltr'><strong>apex</strong></span> <span class='ocrx_word' id='word_1_10' title='bbox 1032 497 1133 568; x_wconf 89' lang='lat' dir='ltr'><strong>visus</strong></span> <span class='ocrx_word' id='word_1_11' title='bbox 1158 513 1210 570; x_wconf 84' lang='lat' dir='ltr'><strong>est</strong></span> 
     </span>
     <span class='ocr_line' id='line_1_4' title="bbox 245 596 1209 713; baseline 0 -25"><span class='ocrx_word' id='word_1_12' title='bbox 245 615 293 690; x_wconf 90' lang='lat' dir='ltr'><strong>ad</strong></span> <span class='ocrx_word' id='word_1_13' title='bbox 319 616 472 689; x_wconf 86' lang='lat' dir='ltr'><strong>alterum</strong></span> <span class='ocrx_word' id='word_1_14' title='bbox 497 613 591 687; x_wconf 85' lang='lat' dir='ltr'><strong>latus</strong></span> <span class='ocrx_word' id='word_1_15' title='bbox 608 613 789 688; x_wconf 85' lang='lat' dir='ltr'><strong>declinare</strong></span> <span class='ocrx_word' id='word_1_16' title='bbox 807 618 865 706; x_wconf 83' lang='lat' dir='ltr'><strong>(r).</strong></span> <span class='ocrx_word' id='word_1_17' title='bbox 891 615 922 686; x_wconf 81' lang='lat' dir='ltr'>A</span> <span class='ocrx_word' id='word_1_18' title='bbox 947 596 1209 713; x_wconf 76' lang='lat' dir='ltr'><strong>musculorum,</strong></span> 
     </span>
     <span class='ocr_line' id='line_1_5' title="bbox 245 734 1211 836; baseline 0.002 -28"><span class='ocrx_word' id='word_1_19' title='bbox 245 737 309 836; x_wconf 89' lang='lat' dir='ltr'><strong>qui</strong></span> <span class='ocrx_word' id='word_1_20' title='bbox 327 735 521 835; x_wconf 84' lang='lat' dir='ltr'><strong>lavyugem</strong></span> <span class='ocrx_word' id='word_1_21' title='bbox 539 734 699 833; x_wconf 80' lang='lat' dir='ltr'><strong>elevant,</strong></span> <span class='ocrx_word' id='word_1_22' title='bbox 718 759 916 834; x_wconf 82' lang='lat' dir='ltr'><strong>eorumque</strong></span> <span class='ocrx_word' id='word_1_23' title='bbox 933 734 1134 836; x_wconf 80' lang='lat' dir='ltr'><strong>plraryngis</strong></span> <span class='ocrx_word' id='word_1_24' title='bbox 1160 763 1211 810; x_wconf 84' lang='lat' dir='ltr'><strong>re·</strong></span> 
     </span>
     <span class='ocr_line' id='line_1_6' title="bbox 244 855 1210 960; baseline 0.002 -32"><span class='ocrx_word' id='word_1_25' title='bbox 244 856 426 931; x_wconf 83' lang='lat' dir='ltr'><strong>solutione</strong></span> <span class='ocrx_word' id='word_1_26' title='bbox 444 856 492 931; x_wconf 86' lang='lat' dir='ltr'><strong>ad</strong></span> <span class='ocrx_word' id='word_1_27' title='bbox 508 855 698 931; x_wconf 83' lang='lat' dir='ltr'><strong>dimidiam</strong></span> <span class='ocrx_word' id='word_1_28' title='bbox 715 863 859 960; x_wconf 68' lang='lat' dir='ltr'><strong>partem</strong></span> <span class='ocrx_word' id='word_1_29' title='bbox 877 856 1053 954; x_wconf 83' lang='lat' dir='ltr'><strong>originem</strong></span> <span class='ocrx_word' id='word_1_30' title='bbox 1080 857 1210 932; x_wconf 83' lang='lat' dir='ltr'><strong>ducere</strong></span> 
     </span>
     <span class='ocr_line' id='line_1_7' title="bbox 244 975 1252 1077; baseline 0 -23"><span class='ocrx_word' id='word_1_31' title='bbox 244 978 431 1054; x_wconf 83' lang='lat' dir='ltr'><strong>molestiae</strong></span> <span class='ocrx_word' id='word_1_32' title='bbox 449 975 637 1075; x_wconf 84' lang='lat' dir='ltr'><strong>videntur,</strong></span> <span class='ocrx_word' id='word_1_33' title='bbox 664 976 794 1077; x_wconf 88' lang='lat' dir='ltr'><strong>quibus</strong></span> <span class='ocrx_word' id='word_1_34' title='bbox 814 978 910 1052; x_wconf 87' lang='lat' dir='ltr'><strong>intra</strong></span> <span class='ocrx_word' id='word_1_35' title='bbox 935 976 1210 1077; x_wconf 80' lang='lat' dir='ltr'><strong>deglutitionem</strong></span> <span class='ocrx_word' id='word_1_36' title='bbox 1250 1037 1252 1042; x_wconf 84' lang='grc'><strong>-</strong></span> 
     </span>
     <span class='ocr_line' id='line_1_8' title="bbox 245 1097 1209 1200; baseline 0 -28"><span class='ocrx_word' id='word_1_37' title='bbox 245 1099 492 1200; x_wconf 86' lang='lat' dir='ltr'><strong>lremiplectiei</strong></span> <span class='ocrx_word' id='word_1_38' title='bbox 526 1099 731 1198; x_wconf 83' lang='lat' dir='ltr'><strong>saepissime</strong></span> <span class='ocrx_word' id='word_1_39' title='bbox 764 1097 937 1172; x_wconf 61' lang='lat' dir='ltr'><strong>laborant,</strong></span> <span class='ocrx_word' id='word_1_40' title='bbox 968 1105 1027 1193; x_wconf 78' lang='lat' dir='ltr'><strong>(a).</strong></span> <span class='ocrx_word' id='word_1_41' title='bbox 1059 1098 1209 1199; x_wconf 82' lang='lat' dir='ltr'><strong>Fluida,</strong></span> 
     </span>
     <span class='ocr_line' id='line_1_9' title="bbox 245 1209 1208 1320; baseline -0.002 -24"><span class='ocrx_word' id='word_1_42' title='bbox 245 1219 469 1296; x_wconf 80' lang='lat' dir='ltr'><strong>Horrrnrrno</strong></span> <span class='ocrx_word' id='word_1_43' title='bbox 486 1233 576 1294; x_wconf 86' lang='lat' dir='ltr'><strong>teste</strong></span> <span class='ocrx_word' id='word_1_44' title='bbox 588 1219 648 1320; x_wconf 72' lang='lat'><strong>(3),</strong></span> <span class='ocrx_word' id='word_1_45' title='bbox 662 1238 781 1320; x_wconf 80' lang='lat' dir='ltr'><strong>saepe,</strong></span> <span class='ocrx_word' id='word_1_46' title='bbox 798 1220 868 1294; x_wconf 84' lang='lat' dir='ltr'><strong>uisi</strong></span> <span class='ocrx_word' id='word_1_47' title='bbox 884 1219 1071 1296; x_wconf 80' lang='lat' dir='ltr'><strong>vasculum</strong></span> <span class='ocrx_word' id='word_1_48' title='bbox 1089 1209 1208 1315; x_wconf 70' lang='lat' dir='ltr'><strong>versus</strong></span> 
     </span>
     <span class='ocr_line' id='line_1_10' title="bbox 244 1339 1209 1444; baseline 0.001 -28"><span class='ocrx_word' id='word_1_49' title='bbox 244 1366 376 1416; x_wconf 83' lang='lat' dir='ltr'><strong>sanum</strong></span> <span class='ocrx_word' id='word_1_50' title='bbox 400 1339 494 1416; x_wconf 86' lang='lat' dir='ltr'><strong>latus</strong></span> <span class='ocrx_word' id='word_1_51' title='bbox 508 1340 693 1444; x_wconf 84' lang='lat' dir='ltr'><strong>paulisper</strong></span> <span class='ocrx_word' id='word_1_52' title='bbox 706 1339 874 1414; x_wconf 83' lang='lat' dir='ltr'><strong>flectatur</strong></span> <span class='ocrx_word' id='word_1_53' title='bbox 882 1395 893 1438; x_wconf 84' lang='lat'><strong><em>,</em></strong></span> <span class='ocrx_word' id='word_1_54' title='bbox 919 1339 1026 1414; x_wconf 81' lang='lat' dir='ltr'><strong>facile</strong></span> <span class='ocrx_word' id='word_1_55' title='bbox 1042 1343 1082 1414; x_wconf 90' lang='lat' dir='ltr'><strong>in</strong></span> <span class='ocrx_word' id='word_1_56' title='bbox 1109 1368 1209 1443; x_wconf 81' lang='lat' dir='ltr'><strong>aspe-</strong></span> 
     </span>
     <span class='ocr_line' id='line_1_11' title="bbox 246 1461 1210 1566; baseline 0.001 -31"><span class='ocrx_word' id='word_1_57' title='bbox 246 1487 327 1536; x_wconf 85' lang='lat' dir='ltr'><strong>ram</strong></span> <span class='ocrx_word' id='word_1_58' title='bbox 351 1461 520 1534; x_wconf 81' lang='lat' dir='ltr'><strong>arteriam</strong></span> <span class='ocrx_word' id='word_1_59' title='bbox 535 1475 745 1566; x_wconf 80' lang='lat' dir='ltr'><strong>penetrant,</strong></span> <span class='ocrx_word' id='word_1_60' title='bbox 763 1484 831 1536; x_wconf 87' lang='lat' dir='ltr'><strong>nec</strong></span> <span class='ocrx_word' id='word_1_61' title='bbox 848 1485 925 1536; x_wconf 89' lang='lat' dir='ltr'><strong>uon</strong></span> <span class='ocrx_word' id='word_1_62' title='bbox 950 1475 1133 1562; x_wconf 83' lang='lat' dir='ltr'><strong>assumpta</strong></span> <span class='ocrx_word' id='word_1_63' title='bbox 1158 1488 1210 1538; x_wconf 88' lang='lat' dir='ltr'><strong>so·</strong></span> 
     </span>
     <span class='ocr_line' id='line_1_12' title="bbox 245 1575 1208 1690; baseline 0.001 -36"><span class='ocrx_word' id='word_1_64' title='bbox 245 1575 339 1681; x_wconf 82' lang='lat' dir='ltr'><strong>lide,</strong></span> <span class='ocrx_word' id='word_1_65' title='bbox 357 1596 552 1690; x_wconf 64' lang='lat' dir='ltr'><strong>antequam</strong></span> <span class='ocrx_word' id='word_1_66' title='bbox 569 1582 834 1680; x_wconf 77' lang='lat' dir='ltr'><strong>deglutiantur,</strong></span> <span class='ocrx_word' id='word_1_67' title='bbox 850 1580 949 1655; x_wconf 89' lang='lat' dir='ltr'><strong>idem</strong></span> <span class='ocrx_word' id='word_1_68' title='bbox 965 1605 1089 1656; x_wconf 85' lang='lat' dir='ltr'><strong>versus</strong></span> <span class='ocrx_word' id='word_1_69' title='bbox 1115 1582 1208 1655; x_wconf 87' lang='lat' dir='ltr'><strong>latus</strong></span> 
     </span>
     <span class='ocr_line' id='line_1_13' title="bbox 247 1700 1210 1805; baseline -0.004 -27"><span class='ocrx_word' id='word_1_70' title='bbox 247 1705 390 1805; x_wconf 81' lang='lat' dir='ltr'><strong>saepius</strong></span> <span class='ocrx_word' id='word_1_71' title='bbox 414 1700 513 1778; x_wconf 89' lang='lat' dir='ltr'><strong>flecti</strong></span> <span class='ocrx_word' id='word_1_72' title='bbox 538 1702 674 1778; x_wconf 87' lang='lat' dir='ltr'><strong>debent</strong></span> <span class='ocrx_word' id='word_1_73' title='bbox 699 1705 758 1796; x_wconf 74' lang='grc'><strong>(4).</strong></span> <span class='ocrx_word' id='word_1_74' title='bbox 784 1703 917 1802; x_wconf 76' lang='lat' dir='ltr'><strong>dperte</strong></span> <span class='ocrx_word' id='word_1_75' title='bbox 942 1701 1092 1776; x_wconf 88' lang='lat' dir='ltr'><strong>demum</strong></span> <span class='ocrx_word' id='word_1_76' title='bbox 1117 1703 1210 1776; x_wconf 77' lang='lat' dir='ltr'><strong>Han·</strong></span> 
     </span>
     <span class='ocr_line' id='line_1_14' title="bbox 245 1821 1208 1923; baseline 0.001 -25"><span class='ocrx_word' id='word_1_77' title='bbox 245 1845 362 1899; x_wconf 76' lang='lat' dir='ltr'><strong>tesius</strong></span> <span class='ocrx_word' id='word_1_78' title='bbox 389 1822 438 1917; x_wconf 87' lang='grc'><strong>(5)</strong></span> <span class='ocrx_word' id='word_1_79' title='bbox 469 1823 516 1897; x_wconf 91' lang='lat' dir='ltr'><strong>de</strong></span> <span class='ocrx_word' id='word_1_80' title='bbox 550 1823 769 1923; x_wconf 78' lang='lat' dir='ltr'><strong>hemiplegia</strong></span> <span class='ocrx_word' id='word_1_81' title='bbox 800 1821 999 1923; x_wconf 83' lang='lat' dir='ltr'><strong>pharyngis</strong></span> <span class='ocrx_word' id='word_1_82' title='bbox 1030 1823 1208 1923; x_wconf 79' lang='lat' dir='ltr'><strong>loquitur,</strong></span> 
     </span>
     <span class='ocr_line' id='line_1_15' title="bbox 134 1929 1211 2046; baseline -0.002 -26"><span class='ocrx_word' id='word_1_83' title='bbox 134 1929 136 1936; x_wconf 38' lang='lat'><strong><em>¹</em></strong></span> <span class='ocrx_word' id='word_1_84' title='bbox 238 1949 359 2046; x_wconf 62' lang='lat' dir='ltr'><strong>quam</strong></span> <span class='ocrx_word' id='word_1_85' title='bbox 384 1969 428 2020; x_wconf 85' lang='lat' dir='ltr'><strong>ex</strong></span> <span class='ocrx_word' id='word_1_86' title='bbox 453 1971 499 2023; x_wconf 93' lang='lat' dir='ltr'><strong>eo</strong></span> <span class='ocrx_word' id='word_1_87' title='bbox 524 1943 814 2043; x_wconf 78' lang='lat' dir='ltr'><strong>cognossendam</strong></span> <span class='ocrx_word' id='word_1_88' title='bbox 829 1943 939 2019; x_wconf 83' lang='lat' dir='ltr'><strong>luisse</strong></span> <span class='ocrx_word' id='word_1_89' title='bbox 956 1944 1098 2042; x_wconf 79' lang='lat' dir='ltr'><strong>scribit,</strong></span> <span class='ocrx_word' id='word_1_90' title='bbox 1113 1945 1211 2044; x_wconf 90' lang='lat' dir='ltr'><strong>quod</strong></span> 
     </span>
     <span class='ocr_line' id='line_1_16' title="bbox 247 2063 1283 2166; baseline -0.003 -25"><span class='ocrx_word' id='word_1_91' title='bbox 247 2068 292 2142; x_wconf 91' lang='lat' dir='ltr'><strong>de</strong></span> <span class='ocrx_word' id='word_1_92' title='bbox 318 2068 456 2166; x_wconf 87' lang='lat' dir='ltr'><strong>pariete</strong></span> <span class='ocrx_word' id='word_1_93' title='bbox 483 2077 662 2164; x_wconf 79' lang='lat' dir='ltr'><strong>aegrotus·</strong></span> <span class='ocrx_word' id='word_1_94' title='bbox 678 2078 846 2165; x_wconf 80' lang='lat' dir='ltr'><strong>quaestus</strong></span> <span class='ocrx_word' id='word_1_95' title='bbox 871 2065 933 2163; x_wconf 82' lang='lat' dir='ltr'><strong>sit,</strong></span> <span class='ocrx_word' id='word_1_96' title='bbox 961 2065 1030 2166; x_wconf 13' lang='lat' dir='ltr'><strong>quil</strong></span> <span class='ocrx_word' id='word_1_97' title='bbox 1050 2063 1209 2165; x_wconf 80' lang='lat' dir='ltr'><strong>plraryn·</strong></span> <span class='ocrx_word' id='word_1_98' title='bbox 1282 2109 1283 2112; x_wconf 60' lang='lat'><em>=</em></span> 
     </span>
     <span class='ocr_line' id='line_1_17' title="bbox 246 2184 1209 2290; baseline -0.004 -28"><span class='ocrx_word' id='word_1_99' title='bbox 246 2213 329 2286; x_wconf 82' lang='lat' dir='ltr'><strong>gem</strong></span> <span class='ocrx_word' id='word_1_100' title='bbox 353 2202 392 2262; x_wconf 85' lang='lat' dir='ltr'><strong>et</strong></span> <span class='ocrx_word' id='word_1_101' title='bbox 415 2189 638 2290; x_wconf 87' lang='lat' dir='ltr'><strong>superiorem</strong></span> <span class='ocrx_word' id='word_1_102' title='bbox 655 2184 901 2286; x_wconf 81' lang='lat' dir='ltr'><strong>oesophegum</strong></span> <span class='ocrx_word' id='word_1_103' title='bbox 917 2186 957 2266; x_wconf 85' lang='lat' dir='ltr'><strong>in</strong></span> <span class='ocrx_word' id='word_1_104' title='bbox 976 2185 1065 2258; x_wconf 90' lang='lat' dir='ltr'><strong>duas</strong></span> <span class='ocrx_word' id='word_1_105' title='bbox 1092 2200 1209 2285; x_wconf 86' lang='lat' dir='ltr'><strong>partes</strong></span> 
     </span>
     <span class='ocr_line' id='line_1_18' title="bbox 247 2303 1212 2407; baseline -0.006 -25"><span class='ocrx_word' id='word_1_106' title='bbox 247 2306 450 2406; x_wconf 80' lang='lat' dir='ltr'><strong>disiungere</strong></span> <span class='ocrx_word' id='word_1_107' title='bbox 477 2309 578 2407; x_wconf 85' lang='lat' dir='ltr'><strong>quasi</strong></span> <span class='ocrx_word' id='word_1_108' title='bbox 603 2305 804 2403; x_wconf 83' lang='lat' dir='ltr'><strong>videretur,</strong></span> <span class='ocrx_word' id='word_1_109' title='bbox 829 2305 942 2378; x_wconf 83' lang='lat' dir='ltr'><strong>etsie</strong></span> <span class='ocrx_word' id='word_1_110' title='bbox 969 2303 1140 2404; x_wconf 84' lang='lat' dir='ltr'><strong>quidem,</strong></span> <span class='ocrx_word' id='word_1_111' title='bbox 1174 2320 1212 2377; x_wconf 86' lang='lat' dir='ltr'><strong>ut</strong></span> 
     </span>
    </p>
   </div>
   <div class='ocr_carea' id='block_1_2' title="bbox 110 2411 1211 2531">
    <p class='ocr_par' dir='ltr' id='par_1_2' title="bbox 110 2411 1211 2531">
     <span class='ocr_line' id='line_1_19' title="bbox 110 2411 1211 2531; baseline -0.005 -28"><span class='ocrx_word' id='word_1_112' title='bbox 110 2411 122 2434; x_wconf 61' lang='grc'><strong><em>’</em></strong></span> <span class='ocrx_word' id='word_1_113' title='bbox 177 2448 179 2454; x_wconf 89' lang='grc'><strong><em>·</em></strong></span> <span class='ocrx_word' id='word_1_114' title='bbox 245 2429 394 2514; x_wconf 87' lang='lat' dir='ltr'><strong>nonnisi</strong></span> <span class='ocrx_word' id='word_1_115' title='bbox 419 2427 530 2502; x_wconf 83' lang='lat' dir='ltr'><strong>altera</strong></span> <span class='ocrx_word' id='word_1_116' title='bbox 556 2427 647 2501; x_wconf 79' lang='lat' dir='ltr'><strong>cibis</strong></span> <span class='ocrx_word' id='word_1_117' title='bbox 672 2427 848 2531; x_wconf 80' lang='lat' dir='ltr'><strong>potuique</strong></span> <span class='ocrx_word' id='word_1_118' title='bbox 864 2436 989 2524; x_wconf 87' lang='lat' dir='ltr'><strong>aperta</strong></span> <span class='ocrx_word' id='word_1_119' title='bbox 1014 2451 1111 2523; x_wconf 81' lang='lat' dir='ltr'><strong>esse,</strong></span> <span class='ocrx_word' id='word_1_120' title='bbox 1138 2451 1211 2500; x_wconf 90' lang='lat' dir='ltr'><strong>eos·</strong></span> 
     </span>
    </p>
   </div>
   <div class='ocr_carea' id='block_1_3' title="bbox 243 2547 1211 2750">
    <p class='ocr_par' dir='ltr' id='par_1_3' title="bbox 243 2547 1211 2750">
     <span class='ocr_line' id='line_1_20' title="bbox 246 2547 1211 2650; baseline -0.004 -28"><span class='ocrx_word' id='word_1_121' title='bbox 246 2574 317 2650; x_wconf 90' lang='lat' dir='ltr'><strong>que</strong></span> <span class='ocrx_word' id='word_1_122' title='bbox 342 2549 496 2648; x_wconf 80' lang='lat' dir='ltr'><strong>sentire,</strong></span> <span class='ocrx_word' id='word_1_123' title='bbox 520 2547 631 2625; x_wconf 88' lang='lat' dir='ltr'><strong>altera</strong></span> <span class='ocrx_word' id='word_1_124' title='bbox 648 2572 796 2650; x_wconf 79' lang='lat' dir='ltr'><strong>prorsus</strong></span> <span class='ocrx_word' id='word_1_125' title='bbox 814 2558 1000 2626; x_wconf 84' lang='lat' dir='ltr'><strong>contracta</strong></span> <span class='ocrx_word' id='word_1_126' title='bbox 1026 2558 1135 2646; x_wconf 87' lang='lat' dir='ltr'><strong>atque</strong></span> <span class='ocrx_word' id='word_1_127' title='bbox 1160 2548 1211 2618; x_wconf 82' lang='lat' dir='ltr'><strong>in</strong></span> 
     </span>
     <span class='ocr_line' id='line_1_21' title="bbox 243 2668 780 2750; baseline -0.006 -7"><span class='ocrx_word' id='word_1_128' title='bbox 243 2668 427 2746; x_wconf 86' lang='lat' dir='ltr'><strong>sensibilis</strong></span> <span class='ocrx_word' id='word_1_129' title='bbox 450 2694 526 2746; x_wconf 86' lang='lat' dir='ltr'><strong>esse</strong></span> <span class='ocrx_word' id='word_1_130' title='bbox 552 2669 745 2750; x_wconf 81' lang='lat' dir='ltr'><strong>videretur.</strong></span> <span class='ocrx_word' id='word_1_131' title='bbox 777 2734 780 2740; x_wconf 90' lang='grc'><strong>.</strong></span> 
     </span>
    </p>
   </div>
   <div class='ocr_carea' id='block_1_4' title="bbox 247 2786 1210 3027">
    <p class='ocr_par' dir='ltr' id='par_1_4' title="bbox 247 2786 1210 3027">
     <span class='ocr_line' id='line_1_22' title="bbox 316 2786 1210 2888; baseline -0.028 -7"><span class='ocrx_word' id='word_1_132' title='bbox 316 2793 346 2881; x_wconf 76' lang='lat'><strong>§-</strong></span> <span class='ocrx_word' id='word_1_133' title='bbox 378 2789 432 2864; x_wconf 84' lang='lat'><strong>16·</strong></span> <span class='ocrx_word' id='word_1_134' title='bbox 459 2789 708 2872; x_wconf 73' lang='lat' dir='ltr'><strong>Mumulorum</strong></span> <span class='ocrx_word' id='word_1_135' title='bbox 732 2801 770 2872; x_wconf 79' lang='lat' dir='ltr'><strong>et</strong></span> <span class='ocrx_word' id='word_1_136' title='bbox 793 2786 952 2888; x_wconf 73' lang='lat' dir='ltr'><strong>taryugis</strong></span> <span class='ocrx_word' id='word_1_137' title='bbox 986 2800 1023 2863; x_wconf 76' lang='lat' dir='ltr'><strong>ut</strong></span> <span class='ocrx_word' id='word_1_138' title='bbox 1056 2787 1210 2868; x_wconf 78' lang='lat' dir='ltr'><strong>thoracis</strong></span> 
     </span>
     <span class='ocr_line' id='line_1_23' title="bbox 247 2905 1208 3027; baseline -0.006 -45"><span class='ocrx_word' id='word_1_139' title='bbox 247 2922 284 2982; x_wconf 90' lang='lat' dir='ltr'><strong>et</strong></span> <span class='ocrx_word' id='word_1_140' title='bbox 308 2905 514 2988; x_wconf 83' lang='lat' dir='ltr'><strong>abdominis</strong></span> <span class='ocrx_word' id='word_1_141' title='bbox 538 2906 775 3010; x_wconf 72' lang='lat' dir='ltr'><strong>hemiptegiae</strong></span> <span class='ocrx_word' id='word_1_142' title='bbox 792 2909 888 3027; x_wconf 80' lang='lat' dir='ltr'><strong>inter</strong></span> <span class='ocrx_word' id='word_1_143' title='bbox 901 2919 958 2980; x_wconf 85' lang='lat' dir='ltr'><strong>tot</strong></span> <span class='ocrx_word' id='word_1_144' title='bbox 972 2905 1151 3006; x_wconf 85' lang='lat' dir='ltr'><strong>perlectas</strong></span> <span class='ocrx_word' id='word_1_145' title='bbox 1170 2928 1208 2978; x_wconf 85' lang='lat' dir='ltr'><strong>ex</strong></span> 
     </span>
    </p>
   </div>
   <div class='ocr_carea' id='block_1_5' title="bbox 587 3147 875 3179">
    <p class='ocr_par' dir='ltr' id='par_1_5' title="bbox 587 3147 875 3179">
     <span class='ocr_line' id='line_1_24' title="bbox 587 3147 875 3179; baseline -0.01 0"><span class='ocrx_word' id='word_1_146' title='bbox 587 3147 875 3179; x_wconf 52' lang='lat' dir='ltr'><em>W</em></span> 
     </span>
    </p>
   </div>
   <div class='ocr_carea' id='block_1_6' title="bbox 264 3331 1199 3848">
    <p class='ocr_par' dir='ltr' id='par_1_6' title="bbox 279 3331 897 3404">
     <span class='ocr_line' id='line_1_25' title="bbox 279 3331 897 3404; baseline -0.019 -11"><span class='ocrx_word' id='word_1_147' title='bbox 279 3333 420 3404; x_wconf 73' lang='lat' dir='ltr'><strong>&gt;Wsma</strong></span> <span class='ocrx_word' id='word_1_148' title='bbox 437 3335 455 3389; x_wconf 93' lang='lat' dir='ltr'><strong>l.</strong></span> <span class='ocrx_word' id='word_1_149' title='bbox 474 3349 498 3388; x_wconf 79' lang='lat' dir='ltr'><strong>e.</strong></span> <span class='ocrx_word' id='word_1_150' title='bbox 515 3331 571 3388; x_wconf 80' lang='lat' dir='ltr'><strong>obs.</strong></span> <span class='ocrx_word' id='word_1_151' title='bbox 592 3331 648 3401; x_wconf 66' lang='lat'><strong>148.</strong></span> <span class='ocrx_word' id='word_1_152' title='bbox 666 3349 693 3404; x_wconf 80' lang='lat' dir='ltr'><strong>p.</strong></span> <span class='ocrx_word' id='word_1_153' title='bbox 711 3331 771 3402; x_wconf 75' lang='lat'><strong>095.</strong></span> <span class='ocrx_word' id='word_1_154' title='bbox 887 3331 897 3391; x_wconf 70' lang='grc' dir='ltr'>ζ</span> 
     </span>
    </p>

    <p class='ocr_par' dir='ltr' id='par_1_7' title="bbox 307 3417 1027 3492">
     <span class='ocr_line' id='line_1_26' title="bbox 307 3417 1027 3492; baseline -0.008 -14"><span class='ocrx_word' id='word_1_155' title='bbox 307 3442 358 3480; x_wconf 75' lang='lat' dir='ltr'><strong>var</strong></span> <span class='ocrx_word' id='word_1_156' title='bbox 373 3424 490 3479; x_wconf 76' lang='lat' dir='ltr'><strong>Sarum</strong></span> <span class='ocrx_word' id='word_1_157' title='bbox 506 3417 524 3476; x_wconf 86' lang='lat' dir='ltr'><strong>l.</strong></span> <span class='ocrx_word' id='word_1_158' title='bbox 542 3439 566 3476; x_wconf 78' lang='lat' dir='ltr'><strong>a.</strong></span> <span class='ocrx_word' id='word_1_159' title='bbox 583 3421 614 3475; x_wconf 87' lang='lat' dir='ltr'><strong>T.</strong></span> <span class='ocrx_word' id='word_1_160' title='bbox 633 3421 668 3475; x_wconf 88' lang='lat'><strong>11.</strong></span> <span class='ocrx_word' id='word_1_161' title='bbox 687 3420 721 3473; x_wconf 90' lang='lat' dir='ltr'><strong>ad</strong></span> <span class='ocrx_word' id='word_1_162' title='bbox 738 3419 830 3490; x_wconf 87' lang='lat' dir='ltr'><strong>aphor.</strong></span> <span class='ocrx_word' id='word_1_163' title='bbox 848 3420 906 3473; x_wconf 72' lang='lat' dir='ltr'><strong>aro.</strong></span> <span class='ocrx_word' id='word_1_164' title='bbox 925 3437 950 3492; x_wconf 88' lang='lat' dir='ltr'><strong>p.</strong></span> <span class='ocrx_word' id='word_1_165' title='bbox 970 3437 1027 3490; x_wconf 73' lang='lat'><strong>7⁰¹·</strong></span> 
     </span>
    </p>

    <p class='ocr_par' dir='ltr' id='par_1_8' title="bbox 278 3507 1026 3582">
     <span class='ocr_line' id='line_1_27' title="bbox 278 3507 1026 3582; baseline -0.012 -12"><span class='ocrx_word' id='word_1_166' title='bbox 278 3517 292 3576; x_wconf 83' lang='lat'>)</span> <span class='ocrx_word' id='word_1_167' title='bbox 309 3512 349 3570; x_wconf 68' lang='lat' dir='ltr'><strong>Ei.</strong></span> <span class='ocrx_word' id='word_1_168' title='bbox 365 3513 480 3567; x_wconf 81' lang='lat' dir='ltr'><strong>consult.</strong></span> <span class='ocrx_word' id='word_1_169' title='bbox 498 3519 527 3564; x_wconf 81' lang='lat' dir='ltr'><strong>et</strong></span> <span class='ocrx_word' id='word_1_170' title='bbox 542 3507 748 3582; x_wconf 51' lang='lat' dir='ltr'><strong>resp-neda&amp;</strong></span> <span class='ocrx_word' id='word_1_171' title='bbox 765 3510 789 3562; x_wconf 76' lang='lat' dir='ltr'><strong>l.</strong></span> <span class='ocrx_word' id='word_1_172' title='bbox 803 3525 860 3561; x_wconf 73' lang='lat' dir='ltr'><strong>enar</strong></span> <span class='ocrx_word' id='word_1_173' title='bbox 880 3525 922 3562; x_wconf 77' lang='lat' dir='ltr'><strong>ao.</strong></span> <span class='ocrx_word' id='word_1_174' title='bbox 940 3526 966 3580; x_wconf 83' lang='lat' dir='ltr'><strong>p.</strong></span> <span class='ocrx_word' id='word_1_175' title='bbox 984 3527 1026 3578; x_wconf 85' lang='lat' dir='ltr'><strong>9r.</strong></span> 
     </span>
    </p>

    <p class='ocr_par' dir='ltr' id='par_1_9' title="bbox 264 3593 1199 3848">
     <span class='ocr_line' id='line_1_28' title="bbox 266 3593 1157 3672; baseline -0.008 -19"><span class='ocrx_word' id='word_1_176' title='bbox 266 3600 294 3666; x_wconf 75' lang='grc'><strong>4)</strong></span> <span class='ocrx_word' id='word_1_177' title='bbox 310 3600 349 3653; x_wconf 83' lang='grc' dir='ltr'><strong>Εἰ.</strong></span> <span class='ocrx_word' id='word_1_178' title='bbox 367 3600 436 3654; x_wconf 84' lang='lat' dir='ltr'><strong>med.</strong></span> <span class='ocrx_word' id='word_1_179' title='bbox 454 3608 505 3654; x_wconf 77' lang='lat' dir='ltr'><strong>rat</strong></span> <span class='ocrx_word' id='word_1_180' title='bbox 522 3606 586 3672; x_wconf 76' lang='lat' dir='ltr'><strong>synt.</strong></span> <span class='ocrx_word' id='word_1_181' title='bbox 604 3599 636 3652; x_wconf 87' lang='grc' dir='ltr'><strong>Τ.</strong></span> <span class='ocrx_word' id='word_1_182' title='bbox 654 3593 703 3651; x_wconf 86' lang='lat' dir='ltr'><strong>lV.</strong></span> <span class='ocrx_word' id='word_1_183' title='bbox 721 3597 750 3650; x_wconf 93' lang='lat' dir='ltr'><strong>P.</strong></span> <span class='ocrx_word' id='word_1_184' title='bbox 768 3597 815 3652; x_wconf 78' lang='lat' dir='ltr'><strong>lv,</strong></span> <span class='ocrx_word' id='word_1_185' title='bbox 834 3596 896 3668; x_wconf 81' lang='lat' dir='ltr'><strong>Cap.</strong></span> <span class='ocrx_word' id='word_1_186' title='bbox 919 3614 939 3650; x_wconf 91' lang='lat' dir='ltr'><strong>r.</strong></span> <span class='ocrx_word' id='word_1_187' title='bbox 958 3595 1015 3650; x_wconf 81' lang='lat' dir='ltr'><strong>obs.</strong></span> <span class='ocrx_word' id='word_1_188' title='bbox 1032 3596 1059 3650; x_wconf 84' lang='grc'><strong>6.</strong></span> <span class='ocrx_word' id='word_1_189' title='bbox 1077 3597 1157 3667; x_wconf 82' lang='lat' dir='ltr'><strong>epicr.</strong></span> 
     </span>
     <span class='ocr_line' id='line_1_29' title="bbox 264 3681 1199 3767; baseline -0.01 -25"><span class='ocrx_word' id='word_1_190' title='bbox 264 3687 292 3755; x_wconf 79' lang='lat'><strong>5)</strong></span> <span class='ocrx_word' id='word_1_191' title='bbox 312 3687 540 3744; x_wconf 73' lang='lat' dir='ltr'><strong>Ut.d.1rmntt</strong></span> <span class='ocrx_word' id='word_1_192' title='bbox 558 3687 740 3749; x_wconf 50' lang='lat' dir='ltr'><strong>amanevus.</strong></span> <span class='ocrx_word' id='word_1_193' title='bbox 763 3685 893 3742; x_wconf 80' lang='lat' dir='ltr'><strong>Abltandl.</strong></span> <span class='ocrx_word' id='word_1_194' title='bbox 917 3683 943 3741; x_wconf 83' lang='lat' dir='ltr'><strong>d.</strong></span> <span class='ocrx_word' id='word_1_195' title='bbox 962 3684 1036 3767; x_wconf 61' lang='lat' dir='ltr'><strong>noys.</strong></span> <span class='ocrx_word' id='word_1_196' title='bbox 1062 3684 1127 3738; x_wconf 82' lang='lat' dir='ltr'><strong>med.</strong></span> <span class='ocrx_word' id='word_1_197' title='bbox 1149 3681 1199 3736; x_wconf 80' lang='lat' dir='ltr'><strong>Soc.</strong></span> 
     </span>
     <span class='ocr_line' id='line_1_30' title="bbox 307 3773 820 3848; baseline 0.006 -21"><span class='ocrx_word' id='word_1_198' title='bbox 307 3791 342 3827; x_wconf 76' lang='lat' dir='ltr'><strong>zu</strong></span> <span class='ocrx_word' id='word_1_199' title='bbox 359 3775 503 3848; x_wconf 56' lang='lat' dir='ltr'><strong>Etutam.</strong></span> <span class='ocrx_word' id='word_1_200' title='bbox 521 3779 552 3832; x_wconf 84' lang='lat' dir='ltr'><strong>B.</strong></span> <span class='ocrx_word' id='word_1_201' title='bbox 569 3773 603 3834; x_wconf 87' lang='lat' dir='ltr'><strong>ll.</strong></span> <span class='ocrx_word' id='word_1_202' title='bbox 624 3775 697 3830; x_wconf 73' lang='lat'>1812.</span> <span class='ocrx_word' id='word_1_203' title='bbox 714 3792 741 3846; x_wconf 87' lang='lat' dir='ltr'><strong>p.</strong></span> <span class='ocrx_word' id='word_1_204' title='bbox 763 3774 820 3830; x_wconf 72' lang='lat'><strong>183.</strong></span> 
     </span>
    </p>
   </div>
   <div class='ocr_carea' id='block_1_7' title="bbox 217 3357 291 3564">
    <p class='ocr_par' dir='ltr' id='par_1_10' title="bbox 217 3357 291 3564">
     <span class='ocr_line' id='line_1_31' title="bbox 268 3357 274 3390; baseline 0 0"><span class='ocrx_word' id='word_1_205' title='bbox 268 3357 274 3390; x_wconf 91' lang='lat' dir='ltr'><strong>r</strong></span> 
     </span>
     <span class='ocr_line' id='line_1_32' title="bbox 217 3429 291 3489; baseline 0 -47"><span class='ocrx_word' id='word_1_206' title='bbox 217 3429 291 3489; x_wconf 49' lang='grc' dir='ltr'><strong>,ὴ</strong></span> 
     </span>
     <span class='ocr_line' id='line_1_33' title="bbox 265 3513 279 3564; baseline 0 0"><span class='ocrx_word' id='word_1_207' title='bbox 265 3513 279 3564; x_wconf 76' lang='lat' dir='ltr'><strong>l</strong></span> 
     </span>
    </p>
   </div>
   <div class='ocr_carea' id='block_1_8' title="bbox 0 0 1302 4474">
    <p class='ocr_par' dir='ltr' id='par_1_11' title="bbox 0 0 1302 4474">
     <span class='ocr_line' id='line_1_34' title="bbox 0 0 1302 4474; baseline 0 0"><span class='ocrx_word' id='word_1_208' title='bbox 0 0 1302 4474; x_wconf 95' lang='lat' dir='ltr'><strong> </strong></span> 
     </span>
    </p>
   </div>
  </div>
 </body>
</html>
