2586 4480
959 312 1025 410 175

113 459 186 506 enm
209 435 432 532 insequentes
464 453 574 530 quam
607 431 761 504 maxime
795 429 1053 527 attenderunt,

110 579 212 654 eaque
243 550 378 652 κατ’,ἴξιν
394 623 397 632 ,
411 554 538 649 sivee
567 549 711 628 directo
746 551 825 634 fieri
859 550 1053 652 dixerunt,

110 659 405 747 trauan-..fientia
440 672 529 769 ipsis
565 685 803 770 opponentes.
832 671 1054 774 Plerumque

109 793 227 866 eodem
250 793 289 866 in
313 791 424 865 latere
449 816 492 866 ea
518 816 711 891 apparere,
739 790 855 888 legem
875 818 901 872 ,a
927 808 1055 868 natura

109 915 274 986 sancitam
298 926 489 1012 putarunt,
506 911 597 984 adeo
614 925 657 994 ut
671 910 907 994 Hirrocnarrs
924 911 1056 988 doctus

107 1013 362 1109 commentator
387 1033 555 1107 Duaurus
581 1035 632 1126 (1)
658 1031 717 1104 tel
741 1033 864 1109 omnia
890 1057 955 1132 per
979 1061 1055 1114 rne-

106 1155 264 1252 taptosin,
279 1169 316 1228 et
331 1154 546 1252 „epigenesin
578 1150 646 1223 κατ’
661 1157 718 1254 ἴξιν
733 1207 743 1250 ,
776 1150 871 1234 nihil
900 1151 1055 1233 ἆνάπαιλιν

105 1275 175 1346 fi'eri
198 1273 449 1350 enuntiaverit.
477 1271 586 1362 Quod
617 1287 861 1372 ncn'semper
885 1274 1056 1374 quidem,

107 1396 304 1494 saepissime
330 1408 453 1467 tamen
477 1393 527 1465 ita
544 1418 641 1490 esse,
658 1419 678 1463 a
695 1389 841 1494 nuperis
856 1396 965 1476 etiam
982 1420 1058 1468 me-

107 1511 190 1596 dicis
216 1515 472 1589 confirmatum
495 1511 670 1624 videmus:

172 1641 197 1725 5.
228 1662 307 1734 129.
334 1631 445 1725 Quod
468 1634 627 1731 primum
659 1633 707 1706 ad
731 1644 976 1734 symptomata
1003 1651 1057 1710 at-

107 1755 213 1854 tinet,
246 1778 339 1855 quae
377 1751 445 1824 κατ’
458 1758 514 1856 ἴξιν
552 1769 751 1854 apparent,
784 1755 871 1831 talia
902 1760 1059 1855 partium

106 1872 305 1951 abdominis
325 1888 367 1949 et
392 1873 549 1948 thoracis
568 1857 782 1974 praeprimis
799 1876 988 1951 affectibus
1004 1903 1061 1949 ue·

108 1993 227 2070 cedere
251 1993 435 2070 videmus:
462 1993 560 2068 hisce
582 1996 681 2068 enim
705 1995 744 2064 in
771 1995 867 2068 cavis
893 2009 1060 2068 centrum

107 2117 202 2214 quasi
226 2117 337 2191 situm
368 2093 447 2211 est,
479 2139 522 2188 ex
555 2139 627 2213 quo
660 2113 708 2191 ad
741 2131 867 2188 omnes
898 2101 1060 2215 corporis

107 2249 219 2332 partas
239 2249 442 2310 excurrunt
456 2248 504 2306 et
528 2233 576 2306 ad
591 2233 701 2332 *quod
732 2234 886 2312 redeunt
910 2235 955 2311 ab
982 2262 1061 2308 orn-¹

106 2354 208 2430 nibus
239 2381 435 2430 nervorum
468 2377 733 2454 vasorumque,
767 2381 851 2430 cum
882 2357 1061 2454 sanguise-

106 2498 250 2575 rorum,
281 2489 360 2560 turn
392 2474 724 2574 lymphaticum,
750 2475 851 2548 radii.
876 2477 1063 2550 Minusin'
1147 2503 1157 2510 ·

105 2621 224 2668 earum
258 2598 441 2696 partium,
470 2593 612 2694 =quibus
647 2593 836 2690 cerebrole
866 2613 1077 2671 nervorum¹

105 2728 257 2811 systema
283 2714 482 2812 prospicit,
514 2711 652 2786 morbis
684 2726 873 2808 emergunt
885 2741 896 2811 3
928 2713 1061 2789 referas

106 2845 224 2920 tamen
251 2860 294 2918 co
320 2832 465 2908 dolores
489 2859 531 2906 ex
557 2847 659 2932 parte
692 2832 812 2932 aliqua
837 2830 1063 2914 inflammata
1130 2841 1134 2849 '

104 2952 159 3024 vel
183 2955 321 3026 irritata
343 2952 453 3038 lanus
471 2967 704 3052 propagatos,
725 2951 851 3051 pulsus
875 2954 914 3024 in
939 2955 1062 3027 vicino

105 3097 213 3174 carpo
231 3087 389 3146 mutatos
406 3075 575 3173 variaque
593 3100 742 3172 eorum,
763 3097 855 3171 quae
871 3074 911 3145 in
927 3073 1019 3146 Sect.
1033 3075 1061 3144 L

106 3192 190 3294 Cap.
222 3193 251 3266 I.
284 3193 391 3267 allata
423 3208 518 3268 sunt.
550 3193 705 3270 Illorum
736 3193 930 3293 praecipua
952 3219 1063 3266 ,nunc

106 3307 274 3400 brevibus
299 3314 603 3413 perstringantur,
628 3340 669 3386 ea
695 3315 813 3413 prirno
839 3311 944 3410 loco,
970 3339 1062 3412 quae

107 3454 234 3508 nervos
258 3435 415 3534 partium
441 3435 480 3504 in
506 3459 721 3535 consensum
749 3446 959 3506 vocatarum
985 3435 1061 3530 pati

374 3623 379 3634 ⁸
419 3633 744 3653 *n-

112 3749 151 3814 (ι)
168 3747 266 3824 interp.
284 3755 312 3822 et
329 3735 488 3816 marpat'in
506 3743 584 3815 Hipp.
603 3761 704 3814 cascar,
725 3751 845 3816 praenot.
863 3744 919 3796 Lib.
939 3745 960 3798 1.
977 3762 1004 3816 vr„
1020 3748 1056 3798 rs.

166 3852 192 3887 u.
204 3837 244 3887 51.
1011 3843 1014 3848 '
