2586 4480
263 250 335 352 ot

230 371 401 446 Roosrusr
426 369 477 468 (r)
503 368 543 440 in
568 369 711 443 vesicae
734 368 913 442 urinariae
929 369 1089 442 inversae
1108 393 1183 469 pro-

229 490 334 591 lapsu
352 513 396 562 ex
414 489 565 561 arcteris
580 488 718 560 sinistri
734 488 875 561 orificio
895 489 1184 588 maioremsaepe

231 633 342 711 quam
366 635 387 684 c
413 607 541 682 dextro
567 606 812 708 profluentem
829 608 1115 708 urinaecopiam
1128 606 1186 681 ob·

228 754 397 806 servasse.
429 729 572 828 Operae
591 742 702 801 'certe
736 730 897 828 pretium
932 729 1002 800 erit
1032 739 1187 800 accurate

228 852 465 950 investigare,
491 874 582 921 num
607 848 669 922 alii
694 850 805 924 etiam
832 850 975 923 vesicae
1007 847 1187 948 prolapsae

232 997 334 1046 casus
360 970 583 1044 observaturi
612 969 713 1042 idem
746 967 966 1067 exhibeant,
999 983 1107 1070 atque
1139 970 1189 1042 in·
1278 1047 1279 1058 ἢ

231 1087 389 1194 quirere,
416 1116 523 1188 anne,
551 1092 605 1164 uti
622 1087 813 1190 probabile
830 1103 899 1188 est,
912 1091 1022 1162 etiarn
1041 1113 1190 1162 mamma

228 1213 348 1310 laeva,
365 1237 461 1312 quae
477 1210 640 1284 dextram
658 1234 764 1310 saepe
780 1209 1033 1308 magnitudine
1052 1223 1192 1310 superat

229 1336 438 1434 parotisque
463 1331 591 1405 eadem
609 1330 744 1404 dextris
761 1330 903 1403 facilius
921 1329 1192 1430 aduuberiorem

230 1455 470 1526 secretionem
503 1453 752 1550 advocentur,
783 1476 879 1524 aune
917 1448 1015 1525 oculi
1053 1475 1193 1551 quoque

230 1589 267 1647 ct
291 1573 529 1648 articulorum
554 1571 739 1673 hydropcs
757 1573 943 1654 sinistrum
962 1571 1060 1645 latus
1078 1575 1192 1676 potius
1279 1601 1280 1606 ¹

231 1709 388 1768 teneant.
404 1694 515 1784 Quod
532 1693 664 1766 deinde
682 1691 730 1766 ad
755 1717 880 1768 earum
904 1696 1068 1794 partium
1094 1693 1193 1768 alius·

228 1817 331 1890 modi
361 1815 513 1888 affectus
546 1815 696 1911 attinet,
729 1839 859 1886 renum
892 1816 1036 1888 sinister
1072 1815 1193 1890 dextro

229 1935 336 2034 longe
364 1937 588 2040 frequentius
612 1933 747 2006 lithiasi
773 1931 946 2032 afficitur,
962 1935 1127 2009 crebrius
1142 1937 1194 2008 in-

230 2056 438 2129 flammatur
462 2069 500 2128 et
524 2041 761 2154 suppuratur,
788 2078 1029 2128 mammarum
1056 2058 1197 2130 sinistra

230 2177 410 2276 imprimis
435 2175 596 2274 aegrotat
625 2177 664 2246 in
682 2169 883 2276 'puerperis
915 2189 1025 2275 atque
1061 2175 1194 2250 scirrho
1281 2231 1282 2242 ,

142 2287 145 2292 ’
230 2312 268 2369 et
292 2321 425 2370 cancro
450 2297 687 2397 depravatur,
712 2297 992 2396 parotidumque
1023 2299 1055 2370 si
1089 2296 1194 2372 altera
1281 2313 1282 2320 ’

229 2415 342 2490 modo
367 2409 600 2515 intumescit,
626 2414 840 2518 plerumque
868 2432 925 2494 est
953 2417 1067 2492 laeva.
1098 2417 1196 2490 'Tam
1281 2401 1282 2414 ἵ

229 2537 355 2637 pleura
389 2537 490 2612 laeva
524 2540 666 2638 saepius
698 2563 767 2637 pus
799 2540 894 2610 intra
928 2563 1060 2613 carum
1095 2563 1197 2612 suum

229 2658 401 2755 effundit,
426 2672 535 2758 atquc
562 2658 793 2731 membranae
819 2683 959 2732 serosae
988 2661 1028 2731 in
1055 2661 1195 2733 univer

230 2805 312 2850 sum
337 2778 384 2850 ad
401 2777 728 2852 inflammationem
744 2774 978 2853 adhaesivam
995 2755 1112 2878 magis
1129 2779 1196 2852 hoc

229 2898 270 2970 in
294 2897 405 2972 latere
421 2897 610 2970 inclinant.
628 2899 760 2973 Pulmo
783 2900 931 3000 quidem
949 2898 1078 2972 dexter
1094 2900 1195 2974 laevo

231 3018 455 3120 frequentius
492 3017 729 3092 adhaesiones
762 3021 956 3094 abnormes
990 3019 1193 3116 contrahit,

231 3137 333 3238 quod
350 3151 473 3212 autem
489 3164 509 3212 a
528 3137 708 3214 crebriore
721 3141 882 3214 eiusdem
899 3139 1194 3236 inflammatione,

231 3259 334 3332 cuius
359 3259 434 3334 fere
460 3283 602 3361 semper
626 3260 753 3361 pleura
785 3263 1013 3364 participat,
1036 3260 1194 3362 pendere

585 3529 860 3552 m
958 3521 962 3530 ”

230 3685 271 3746 (ι)
287 3681 327 3735 Ei.
344 3683 408 3737 diss.
425 3684 460 3738 de
476 3685 567 3738 nativo
584 3685 686 3740 vesicae
704 3685 772 3738 urin.
791 3687 844 3739 inv.
862 3686 996 3758 prolapsu.
1020 3687 1094 3738 Gott.
1122 3683 1191 3753 ¹79³·

289 3769 318 3836 i
336 3771 377 3837 t·-
