2594 4474
1003 277 1045 352 13

106 409 306 497 mutuoque
333 419 409 468 sese
427 393 695 470 decussantium
713 396 946 494 coniunctae,
971 422 1070 497 prae

107 530 204 592 terea
237 541 258 588 a
290 539 329 588 se
354 517 520 589 invicem
554 540 701 614 prorsus
738 530 921 618 separatae
961 529 1068 618 atque

105 636 297 734 discretae,
320 636 351 710 si
370 635 489 710 solnm
509 661 640 734 vagum
661 655 813 709 nervum
832 635 989 712 thoracis
1012 664 1068 712 ca·

104 783 193 831 vum
212 758 414 855 ingressum
431 757 582 857 excipis,
608 781 726 856 neque
746 757 943 832 maioribus
959 761 1068 832 ramis

108 876 174 949 sibi
201 902 240 949 se
262 878 485 976 immiscent,
510 901 627 978 neque
645 879 740 950 circa
756 878 1001 978 periphericos
1027 882 1066 953 fi-

105 999 169 1073 nes'
201 998 551 1072 communicationes
585 996 701 1071 alunt
720 1003 779 1090 (1).
811 997 907 1071 Hinc
939 1025 1066 1075 omnes

103 1116 243 1215 morbi,
270 1131 307 1190 et
332 1120 394 1217 qui
419 1121 459 1202 in
484 1118 595 1192 solius
611 1117 719 1192 huius
737 1143 931 1192 nervorum
956 1133 1066 1220 syste-

104 1239 211 1309 matis
236 1238 327 1310 vitio
352 1252 560 1337 vertuntur,
585 1252 622 1312 et
646 1240 686 1311 in
706 1237 837 1340 quibus
854 1239 1065 1338 praecipuas
1109 1309 1111 1312 .

105 1356 232 1430 saltem
256 1371 294 1429 ‘et
313 1360 451 1456 'primas
476 1358 515 1431 id
532 1372 631 1432 tenet
655 1373 794 1460 partes,
819 1361 889 1440 nisi
915 1361 1066 1433 omnino
1156 1417 1158 1422 ,

105 1476 280 1573 generalis
306 1476 448 1552 affectio
474 1476 521 1551 ad
537 1505 663 1552 eorum
680 1493 846 1552 naturam
870 1482 1064 1580 pertineat,

103 1610 178 1668 tam
205 1596 412 1697 frequenter
436 1599 687 1673 unum-modo
705 1600 983 1700 corporifflatus
1009 1601 1062 1671 af·

103 1717 255 1815 ficiunt,
286 1734 327 1792 ut
350 1719 410 1793 vel
434 1717 540 1818 longe
566 1720 815 1821 frequentius,
849 1746 959 1820 quam
983 1722 1063 1821 pari

103 1836 334 1913 vehementia
358 1854 550 1940 utrumque
577 1840 950 1943 corporisdimidium
976 1839 1065 1912 affli-

102 1960 158 2054 gi,
194 1957 349 2032 aiterum
374 1975 436 2034 aot
460 1960 580 2034 solum
609 1961 792 2060 laborare,
824 1974 887 2032 aut
922 1961 1066 2058 gravius
1104 2015 1108 2024 .

101 2103 187 2177 prae
215 2078 329 2152 altero
354 2084 453 2180 pati,
485 2084 704 2182 experientia
736 2082 933 2156 edocuerit.
966 2081 1061 2154 Hinc
1103 2117 1106 2126 ν

99 2197 162 2271 illa
178 2199 442 2299 symptomata,
467 2227 559 2301 quae
577 2200 713 2300 absque
731 2201 882 2275 aliarum
901 2204 1063 2301 partium
1100 2247 1103 2257 ι

101 2318 326 2392 adminiculo
350 2320 498 2393 illorum
514 2341 708 2394 nervorum
724 2324 854 2396 vitium
871 2335 1061 2420 provocat,
1100 2387 1105 2406 .,

101 2438 246 2512 dolores
279 2438 417 2512 scilicet
445 2442 639 2542 ¹traciaeque
674 2466 799 2513 sensns
832 2433 1061 2540 depravaiio·

101 2584 164 2630 nes
177 2612 188 2655 ,
216 2583 329 2656 quum
354 2557 401 2631 ab
426 2585 500 2633 uno
515 2547 637 2634 [modo
663 2559 774 2633 latere
800 2559 975 2660 affligant,
1008 2561 1061 2633 al·

101 2691 221 2751 terum
254 2680 415 2777 corporis
449 2678 642 2753 dimidium
674 2681 856 2779 attingunt
890 2679 1059 2779 quidem,

72 2812 227 2870 tamen
251 2799 291 2869 in
315 2797 409 2872 illud
432 2825 517 2886 non·
534 2803 751 2899 transeunt,¹
765 2799 860 2874 linea
893 2825 958 2900 per
982 2825 1059 2872 me·
1100 2851 1102 2858 -

101 2916 206 2992 dium
231 2943 362 3017 corpus
384 2920 562 3020 producta
580 2921 723 2994 affectas
740 2945 914 3021 sanasqne
940 2935 1058 3022 partes

102 3063 213 3138 quam
238 3040 461 3112 exactissime
486 3056 684 3140 separante.
710 3041 868 3114 Hincet
892 3039 945 3113 illi
978 3067 1059 3114 mu·

101 3159 212 3255 sculi,
245 3150 499 3259 qui·azygr*'in
524 3161 646 3234 medio
674 3183 825 3262 corpore
851 3161 912 3233 siti
935 3159 980 3232 ab
1006 3160 1058 3231 al·

99 3293 177 3380 tero
203 3280 279 3351 cius
296 3273 406 3352 latere
423 3281 462 3354 in
480 3279 632 3354 alterum
657 3280 765 3354 fibras
788 3281 1057 3376 transmittunt,

100 3423 141 3472 ex
166 3423 362 3474 nervorum
393 3401 434 3474 in
466 3400 579 3476 altero
612 3402 722 3476 latere
756 3401 975 3477 resolutione
1010 3399 1058 3472 ad

105 3763 142 3825 (r)
160 3758 269 3812 lisam.
286 3731 445 3832 Anfirngspr.
462 3759 488 3814 d.
506 3763 585 3814 Anat.
603 3776 629 3830 p.
647 3760 706 3828 908.
