2594 4474
992 276 1032 350 15

95 395 184 494 quin
209 394 321 502 totius
327 391 510 493 corporis
535 391 679 468 dimidii
697 391 834 492 dextri,
857 393 921 470 ubi
945 394 1059 500 hepar

95 493 267 612 aegrotat

167 641 196 723 §.
223 633 258 708 6.
284 632 343 706 Ad
367 633 458 708 haec
484 586 606 708 autem
629 634 726 708 inira
750 633 898 728 redibo,
924 635 988 710 ubi
1014 638 1060 712 de

92 753 423 856 symptomatibus‚
449 777 559 856 quae,
583 768 626 828 ιιι
651 777 736 830 cum
761 753 984 857 Hippocrate
1009 758 1060 834 ie·

96 901 203 974 quar,
230 873 359 976 aar'ipu
385 875 494 974 fiunt,
520 877 737 951 sermoerit.
762 875 1061 976 Insequentibus

95 1021 196 1072 nunc
223 997 403 1095 i'mpn'mis
428 995 474 1070 de
495 995 700 1072 multifariis
719 994 917 1070 dimidiatis
932 997 1063 1098 loquar

96 1114 286 1189 affectibus
312 1114 502 1192 cerebralis
527 1118 755 1222 systematis²
786 1117 887 1189 cuius
911 1117 1062 1194 morbos

95 1237 288 1334 speciatim
312 1234 384 1310 sub·
407 1259 602 1312 nervorum
618 1235 756 1312 morbis
782 1235 983 1338 intelligere
1007 1262 1062 1312 so·

96 1353 225 1428 lemus.
256 1355 453 1430 Attendam
483 1369 570 1431 vero
604 1358 645 1430 in
677 1354 922 1432 recensendis
937 1359 982 1430 iis
1015 1357 1063 1430 ad

98 1501 140 1546 ea
166 1487 311 1548 tantum
336 1489 606 1575 symptomata,
638 1478 795 1576 quaein
826 1489 948 1551 motus
980 1501 1061 1550 mu·

96 1592 267 1689 scolaris,
288 1594 469 1668 sentiendi
487 1593 669 1668 facultatis
686 1619 882 1696 sensusque
899 1599 1060 1694 organici
1093 1603 1096 1610 '

98 1715 208 1788 variis
233 1713 333 1786 vitiis
356 1727 565 1812 vertuntur,
588 1715 737 1790 missam
752 1717 905 1792 omnino
930 1715 1062 1790 faciam

99 1835 338 1932 vegetationis
363 1857 407 1910 ex
424 1857 618 1911 nervorum
635 1834 766 1910 affectu
790 1837 830 1909 in
855 1834 969 1912 altero
986 1857 1064 1910 cor·
1194 1891 1197 1898 ,

94 1956 199 2052 poris
224 1952 336 2026 latare
357 1953 664 2052 depravationem.
690 1953 745 2028 De
762 1953 830 2030 hac
849 1957 947 2028 enirn
973 1979 1065 2030 non·
1114 2017 1118 2026 .

43 2053 204 2174 nulia
232 2072 382 2148 dicendi
406 2073 502 2146 infra
527 2073 629 2148 locus
653 2076 729 2150 erit

172 2201 200 2282 t.
229 2217 262 2292 7.
287 2191 493 2291 Antequam
523 2207 646 2270 tamen
680 2193 819 2294 singula
853 2195 1065 2294 adgrediar,

101 2311 411 2412 praemittendum
436 2315 547 2390 etiam
578 2314 756 2413 arbitror,
789 2330 956 2390 motuum
989 2319 1067 2391 ani·

102 2434 272 2530 mulium,
299 2459 341 2508 ex
366 2433 510 2508 turbata
534 2459 730 2510 nervorum
747 2436 1066 2538 musculorumque

104 2553 278 2628 antithesi
314 2554 578 2653 emergentibus
617 2557 714 2630 vitiis
750 2569 920 2631 truncum
958 2557 1067 2633 dimi·

107 2675 209 2748 dium
220 2729 231 2770 7
268 2676 407 2748 etiamsi
445 2700 572 2768 omnes
608 2688 805 2776 praeterea
830 2679 908 2750 cius
944 2677 1066 2752 lateris

106 2804 228 2894 partes
244 2796 287 2868 iis
304 2794 488 2893 laborent,
513 2797 713 2872 admodum
727 2821 810 2872 raro
827 2796 929 2872 affici.
957 2798 1067 2872 Cuius

107 2919 158 2990 rei
183 2937 358 3014 oausam,
385 2919 424 2992 ni
450 2915 579 3016 fallor,
604 2943 648 2992 ex
673 2919 820 2992 arctiori
845 2943 940 2993 nexu
964 2945 1069 3018 repe·

109 3049 181 3134 tas7
207 3037 272 3136 qui
297 3035 522 3136 gangliorum
543 3051 700 3139 systema
721 3041 823 3112 omni
847 3064 913 3138 per
938 3065 1071 3140 corpus

108 3157 327 3254 vegetationi
351 3157 559 3272 praesidens
583 3158 842 3258 musculosque
862 3160 1069 3234 involunta-

110 3277 184 3348 rios
216 3275 335 3353 solum
359 3277 485 3354 adiens
517 3291 555 3352 et
577 3280 806 3414 respirationi
835 3280 1070 3356 inservientes

111 3395 293 3472 musculos
314 3396 536 3478 voluntatis
527 3400 681 3500 imperio
703 3369 764 3474 ad
770 3411 911 3501 partem
928 3414 1071 3474 tantum

113 3515 294 3596 subiectos
309 3518 512 3597 intercedit.
538 3519 721 3597 Convenit
738 3521 883 3620 saltem,
909 3521 1008 3620 quod
1024 3519 1072 3592 ad

115 3639 245 3714 nervos
261 3636 466 3718 thoracicos
481 3654 519 3716 et
533 3639 709 3716 lumbales
724 3642 937 3743 superiores,
964 3643 1071 3714 ratio-

44 3793 48 3806 ·
117 3779 162 3830 nc
187 3759 339 3834 minoris
359 3784 486 3838 conum
503 3764 691 3863 crassitiei,
715 3766 869 3864 majores
894 3760 1083 3838 accedunt*
