2594 4474
976 225 1107 386 e

249 413 320 492 VI.
350 417 605 492 Consulsiones
630 419 739 488 unius
765 413 893 488 lateris.

163 660 191 744 t.
216 654 273 728 33.
300 654 535 730 Tremoribus
559 651 677 728 multo
695 653 919 754 frequentius
943 656 1051 728 unius

101 771 209 846 lateris
232 775 360 874 plenae
387 775 641 852 convulsiones
666 773 888 871 obveniunt,
914 799 1051 846 earum·

103 897 167 990 'que
186 897 273 968 varii
298 895 399 970 modi
423 898 548 996 paucis
574 919 672 968 nunc
699 893 982 968 considerentur.
1001 933 1052 952 ·-

99 1010 251 1087 Primum
262 1014 398 1089 'locum
424 1041 487 1088 eae
507 1029 655 1089 teneant
672 1013 942 1110 convulsiones,
960 1039 1052 1112 quae

99 1129 303 1232 lremiplexia
326 1135 490 1218 sideratis
508 1135 607 1216 haud
619 1135 887 1235 infrequenter,
904 1131 971 1206 sub
987 1134 1053 1206 ini·

100 1252 144 1324 tio
166 1255 318 1330 insultus
344 1258 555 1358 praesertim
581 1270 617 1328 et
642 1281 727 1330 mox
752 1269 836 1328 ante
858 1254 1051 1328 transitum

97 1368 131 1454 ili
154 1389 324 1475 mortem,
349 1379 617 1478 superveniunt
646 1377 853 1450 succutitur
881 1399 968 1450 vcro
995 1389 1059 1450 to-
1112 1441 1114 1446 ,

97 1501 167 1562 tum
182 1496 376 1572 'interdum
397 1485 842 1572 ¹dimidiatorumistorum
860 1495 1052 1570 hominurn

88 1635 239 1712 eorpus,
265 1617 332 1690 sed
355 1617 480 1691 multis
505 1617 664 1690 numeris
688 1619 802 1691 rarius
829 1639 938 1716 quam
964 1613 1052 1687 alte·

98 1755 169 1814 mm
193 1737 311 1811 modo
332 1737 542 1834 dimidium,
563 1752 753 1838 totumque
771 1739 801 1812 si
818 1734 1053 1829 convellitur,

98 1875 215 1952 saepe,
241 1883 288 1930 ne
315 1855 436 1931 dicam
462 1857 724 1960 utplurimum,
757 1859 892 1958 spasmi
924 1880 967 1930 ex
1000 1851 1053 1925 al·

100 1981 168 2062 tero
191 1969 324 2077 latere,
350 1992 388 2052 et
411 2003 488 2054 nou
509 1969 666 2054 resoluto
685 1979 832 2080 quidem
858 1977 932 2052 lere
957 2001 1062 2048 sem-1

97 2115 178 2192 per„
219 2098 509 2206 vehementiores
553 2103 783 2198 contingunt.¹
818 2101 900 2174 Pari
937 2095 1051 2171 modo

97 2216 297 2314 convulsio,
325 2243 430 2318 quae.
444 2245 559 2316 unum
577 2233 717 2299 tautum
736 2220 830 2294 latus
856 2231 974 2314 tenet,
999 2218 1053 2290 rass

97 2354 132 2402 ro
144 2387 155 2429 ,
185 2334 409 2434 frequentius
441 2337 528 2410 licet
560 2341 600 2412 in
632 2338 848 2439 hcmiplegia
882 2361 1053 2410 nerveem

96 2453 316 2552 apoplexiam
341 2458 559 2557 excipiente,
584 2457 625 2531 id
649 2460 789 2558 ipsum,
815 2457 905 2556 quid
926 2453 1053 2530 volun·

97 2573 171 2644 tatis
191 2569 351 2676 ‘imperio
368 2593 551 2652 exemtum
576 2591 648 2676 est,
673 2579 881 2679 saepissime
909 2578 1061 2676 opposi-
1124 2655 1128 2662 ,

49 2757 69 2783 ·.
97 2702 166 2763 tum
195 2695 345 2770 invadit
371 2696 455 2771 Una
484 2699 679 2772 resolutum
708 2697 915 2799 crebrisque
943 2696 1054 2771 moti-

98 2807 157 2884 bus
183 2815 333 2893 clonicis
355 2819 527 2915 agitatum
544 2818 714 2894 viderunt
734 2821 921 2892 sinistrum
941 2815 1051 2916 latus,

97 2949 173 3026 post
202 2933 335 3014 vulnus
369 2939 479 3039 capiti
511 2939 715 3040 inflictum,
748 2941 975 3014 Anosssonus
1004 2943 1058 3043 (r),

97 3063 130 3121 et
151 3053 332 3136 Ftrnrcrus
359 3057 541 3134 Humnos
562 3061 630 3160 (2),
655 3074 740 3162 post
763 3057 939 3134 insultum
964 3082 1053 3156 apo-

98 3168 306 3275 plecticum,
341 3172 538 3254 Wsrraaus
566 3182 613 3276 (3)
647 3195 692 3255 et·-
715 3181 956 3254 Horsnannus
991 3181 1049 3270 (4),
1120 3267 1124 3272 ¹

395 3423 740 3446 m

103 3529 137 3590 (Ι)
155 3529 180 3582 L.
198 3549 221 3585 c.
239 3551 266 3604 p.
286 3535 342 3606 7¹⁵·
567 3592 572 3601 ,

102 3615 137 3675 (²)
153 3615 260 3674 ossen.
279 3621 344 3674 chir.
363 3621 438 3674 Ceut
457 3620 491 3674 11.
509 3619 565 3674 obs.
585 3622 626 3675 25.

102 3699 138 3762 (3)
154 3697 249 3783 Hister.
268 3697 396 3780 apoplect}
414 3709 475 3762 hist
497 3708 534 3774 14.
552 3727 578 3779 p.
597 3710 655 3778 394.

103 3783 140 3854 ll)
155 3788 192 3845 Ei.
207 3794 274 3849 med.
288 3804 340 3850 rat.
352 3802 416 3870 opst
428 3794 459 3849 T.
471 3795 517 3852 tv.
530 3793 559 3850 Ρ.
572 3795 608 3856 11.
621 3796 690 3856 Sect.
703 3813 726 3853 1.
739 3813 796 3871 cap.
809 3817 832 3869 7.
846 3797 1047 3868 obssrsprrpp.
