2586 4480
950 331 994 381 αι

98 421 267 501 subiectos
278 423 597 528 imperium7'illihi
613 424 664 502 iu
681 423 843 528 perfecte
861 422 948 500 huic
966 333 1052 502 olie-

98 543 166 618 dire
182 560 365 648 nequeunt
380 545 536 620 musculi
551 548 736 646 magisque
754 544 802 620 ad
825 543 1051 622 inordinatas

94 669 160 738 nec'
180 665 224 740 ub
246 669 366 740 anima
381 669 432 742 ita
448 669 560 742 iussas
577 665 820 741 oscillationes
837 669 1053 743 contractio·
1076 719 1077 722 =

94 809 220 886 nesque
245 787 393 862 rendere
420 786 565 862 debent.
590 786 648 861 Ad
673 785 746 861 hoc
770 784 976 861 subclaviae
994 812 1051 862 ar-

93 906 194 978 teriae
223 921 261 980 et
293 907 465 982 carotidis
483 907 629 990 dextrae
649 907 806 1006 origines
822 909 864 982 in
879 917 1051 984 truncum

91 1047 308 1126 anonymum
322 1029 540 1102 coniunctae
556 1039 653 1124 sunt,
667 1051 751 1128 quo,
769 1051 883 1128 quum
898 1040 1050 1128 propter

89 1141 357 1246 dispositionem
390 1148 531 1222 hancce
562 1145 693 1221 eodem
726 1147 900 1247 temporis
930 1147 1049 1247 spatio

87 1262 124 1335 in
148 1265 313 1342 dextrum
336 1267 528 1342 brachium
552 1266 634 1368 plus
659 1266 842 1366 sanguinis
868 1271 910 1340 ac
934 1267 975 1340 in
998 1267 1050 1340 si-

87 1384 235 1464 nistrum
258 1389 399 1490 impelli
416 1402 583 1489 oporteat
598 1393 646 1481 (ι)
655 1443 666 1486 ,
690 1405 909 1486 magnopere
924 1387 966 1476 in
983 1383 1048 1463 illo
1172 1475 1178 1490 Ι

86 1522 340 1599 promoventur
365 1508 629 1582 elementorum
649 1507 903 1581 disiunctionis
923 1501 967 1579 'et
990 1531 1048 1580 re·

87 1629 355 1726 compositionis
371 1630 484 1728 vices,
501 1628 632 1728 quihus
650 1651 777 1700 omnes
792 1627 862 1699 niti
877 1623 1048 1700 videntur

85 1763 267 1837 processus
292 1749 432 1823 vitales.
456 1750 557 1840 Quae
584 1761 705 1820 autem
722 1772 836 1848 quum
861 1743 909 1819 ad
934 1767 1048 1849 expo·

84 1864 239 1942 nendum
254 1871 402 1943 maioris
418 1870 577 1970 partium
594 1867 800 1942 dextrarum
816 1890 903 1939 usus
924 1877 1047 1938 ortum

84 1981 238 2064 sufficere
264 1989 474 2087 videantur,
499 2013 543 2064 eo
573 1991 654 2089 ipso
679 1989 789 2060 etiam
821 1987 935 2085 magis
958 2008 1046 2086 pros·

82 2094 203 2180 batum
219 2107 372 2207 habeas,
397 2108 498 2210 quod
522 2126 545 2182 e¹
558 2106 723 2207 plurimis
740 2130 848 2206 supra
865 2103 1044 2206 adstruxi,

82 2236 244 2303 naturam
262 2232 337 2304 iam
356 2233 396 2303 in
414 2229 606 2304 formando
629 2253 781 2330 corpore
806 2227 912 2306 illum
935 2228 1043 2305 moli'·

81 2351 272 2449 tumesco,
305 2375 459 2451 eumque
484 2373 715 2452 nequaquam
740 2345 1043 2424 consuetudinem
1089 2337 1099 2360 ⁰

82 2470 195 2557 putari
224 2495 331 2569 posse
358 2472 452 2546 forte
475 2471 667 2547 inductam
692 2484 729 2544 et
754 2495 775 2543 a
801 2483 903 2570 patre
934 2471 972 2543 in
999 2471 1042 2544 fi·

80 2575 165 2660 lium
189 2589 413 2664 translatam.
440 2592 609 2683 Quocum
633 2593 682 2688 si,
707 2613 801 2689 quae
827 2588 873 2660 de
899 2587 1038 2698 morhis

81 2716 181 2779 antea
208 2721 288 2782 acta
314 2724 416 2808 sunt,
435 2712 646 2811 componis,
663 2707 764 2782 haud
778 2733 872 2783 vana
890 2709 1041 2804 figmen·
1080 2743 1103 2768 κ

82 2830 115 2891 ta
139 2827 331 2924 protulisse
356 2829 545 2930 intelligis,
572 2833 634 2933 qui
665 2829 832 2904 dextrum
862 2825 957 2901 lat'us
990 2827 1038 2905 si·
1134 2833 1149 2918 j

81 2939 231 3022 nistrum
257 2951 296 3022 in
321 2952 531 3025 universum
554 2957 736 3052 praestare
761 2947 1007 3056 suslinuerirrc

411 3551 710 3576 Μ

104 3803 142 3864 (¹)
159 3806 326 3861 Silenennrso
346 3807 515 3876 Gestr'eslelm.
533 3809 559 3872 S.
576 3823 618 3877 97.
