2594 4474
252 273 277 348 6

224 408 441 488 recurrente.
466 391 615 467 Plantae
641 415 683 466 ac
709 359 874 464 animalis
898 404 1018 464 autem
1047 393 1077 466 si
1101 375 1189 468 cons
1291 365 1292 414 i

223 515 409 616 templaris
435 513 602 588 habitum
620 510 785 612 totalem,
801 511 899 586 itlius
913 525 1033 613 partes
1050 517 1186 615 reperis

224 636 273 710 ed
298 633 482 738 duplicem
507 634 620 710 modo
640 634 906 709 dimensionem
931 659 1006 707 esse
1031 660 1189 734 symme-

222 759 349 855 tricas,
374 747 481 829 huids
513 755 572 830 vel
604 755 751 829 nonnisi
782 753 925 828 dextras
957 769 994 828 et
1026 758 1193 830 sinistras
1291 799 1292 818 κ

114 917 116 920 ·
191 941 193 944 .
223 877 294 951 sibi
320 876 611 976 correspondere.
637 877 758 950 Infimi
784 889 926 948 tantum
947 874 1085 949 ordinis
1110 879 1193 954 ani-

224 997 334 1072 malia
359 995 493 1098 plantis
519 997 565 1070 ab
590 995 665 1070 hac.
686 1009 788 1097 parte
805 1021 920 1096 prope
946 1009 1059 1094 stant,
1088 995 1191 1096 quod
1291 1075 1292 1080 ,

223 1133 262 1192 et
286 1118 410 1192 dextra
436 1132 544 1218 atque
569 1119 713 1191 sinistra
729 1131 766 1190 et
783 1117 901 1189 antica
918 1129 1029 1217 atquc
1046 1120 1191 1218 postica

224 1239 335 1312 facies
359 1239 494 1340 pariter
514 1240 565 1312 sit
590 1251 820 1336 construeta3
845 1239 1071 1338 superiorum
1103 1263 1190 1312 eum

224 1362 363 1432 anticas
380 1374 417 1433 et
430 1363 587 1461 posticas
613 1375 691 1434 tum
712 1360 913 1460 superiores
939 1369 976 1430 et
999 1359 1189 1433 inferiores

223 1491 343 1584 partes
363 1505 454 1580 quse
471 1481 681 1579 intercedit,
698 1478 862 1577 analogia
880 1484 929 1572 (ι)
945 1478 1066 1552 minor
1081 1492 1136 1552 est
1152 1490 1190 1554 et

222 1602 455 1700 symmetriae
481 1603 641 1675 nononis
665 1603 792 1701 utique
814 1598 973 1698 indigna.
992 1599 1086 1672 Utut
1101 1625 1189 1674 vero

223 1721 303 1820 duo
324 1721 414 1796 haec
434 1703 548 1821 'regna
574 1747 651 1797 non
667 1722 718 1794 ita
734 1721 804 1794 sihi
820 1746 895 1794 sese
913 1718 1132 1820 adiungunt,
1147 1735 1189 1796 ut

222 1843 348 1944 planta
373 1869 539 1942 suprema
565 1841 713 1915 animali
729 1843 857 1915 infimo
874 1853 1104 1940 annectatur,
1122 1841 1189 1916 sed

116 2037 125 2051 X
221 1965 335 2062 magis
359 1964 458 2036 iuxta
483 1945 678 2062 incedunt,
703 1962 847 2037 habitus
866 1987 1009 2062 quoque
1024 1960 1087 2034 ille
1108 1964 1187 2036 eni·

222 2084 310 2158 mali
336 2099 496 2158 ceterum
520 2083 711 2186 peculiaris
737 2098 774 2157 et
797 2081 1070 2183 inplentarum
1094 2087 1185 2158 serie

221 2203 284 2277 liic
307 2204 384 2278 'illic
409 2205 491 2306 plus
516 2207 682 2280 minusve
708 2193 866 2302 emergit
885 2205 991 2295 Quae
1005 2203 1122 2280 dextri
1139 2207 1186 2280 si·
1291 2223 1292 2254 ³

222 2327 397 2426 nistrique
423 2328 584 2428 corporis
610 2325 768 2426 aequalis
794 2323 1059 2424 conformatio,
1085 2323 1188 2428 quod

221 2471 243 2518 e
267 2448 470 2546 praemissis
494 2449 568 2520 iam
594 2446 761 2546 colligere
769 2443 864 2518 *licet
870 2500 881 2544 ,
896 2446 994 2518 inter
1015 2445 1186 2520 animalia

163 2618 165 2622 -
220 2565 261 2638 in
285 2549 434 2640 homine
460 2593 688 2669 nequaquam
713 2567 868 2639 maxime
885 2565 1045 2664 excellit,
1063 2565 1186 2663 sedin

219 2684 307 2784 ipsis
323 2710 450 2758 eorum
465 2685 812 2786 imperfectioribus,
829 2685 1088 2784 hominemque
1104 2709 1189 2774 ver-⁴

176 2869 178 2874 .
221 2804 283 2876 'sus
314 2802 538 2906 pedetentim
555 2807 749 2886 ⁸minuitur
781 2807 841 2896 (a).
869 2803 1034 2876 Primum
1065 2804 1186 2912 iniis

222 2917 410 3002 evolutum
435 2909 612 3026 systema,
638 2925 871 3026 digestivum,
897 2926 1057 3026 primum
1074 2913 1186 3000 etiam

223 3043 500 3144 dispositionem
538 3045 671 3132 deserit
706 3071 846 3120 summe
887 3047 1214 3148 symmetricamz'

223 3163 324 3264 quod
348 3164 506 3266 reliquae
531 3165 664 3242 deinde
693 3169 894 3266 sequuntur-
918 3145 1189 3266 vegetationem

224 3567 264 3632 (ι)
282 3563 345 3618 hm
362 3567 511 3622 Meerrtrur
526 3584 589 3639 pree
600 3567 696 3626 ceteris
706 3563 955 3638 egregieoxpotuits
966 3581 991 3620 v.
1003 3547 1190 3641 neus&

1133 3958 1148 3990 S

885 4113 891 4120 ι

146 3705 150 3716 ,
278 3671 302 3705 z.
321 3657 397 3724 vergi„
416 3660 493 3708 Anat.
512 3658 542 3709 B.
562 3659 585 3710 1.
603 3658 639 3726 ῌ.
658 3658 681 3708 I.
703 3657 773 3709 1812.
796 3674 823 3730 p.
845 3655 888 3726 oti
908 3671 965 3726 seq·
980 3660 1010 3710 et
1026 3654 1133 3710 Haedi.
1150 3653 1179 3708 d.

279 3742 401 3796 mmctt
418 3745 497 3798 Anat.
515 3745 546 3798 B.
564 3746 587 3797 1.
609 3745 680 3798 1815.
699 3761 725 3815 p.
744 3761 784 3814 29.
802 3759 859 3814 aeq.

215 3825 1187 3906 toMummio.‘te.p.atseeurtmdtercmtop.tt.
1291 3903 1292 3920 ,
