2594 4474
937 263 1005 362 ,⁵7

84 388 277 460 extremitas
303 409 445 484 spasmo
472 383 663 482 obrigescit
689 388 748 476 (1).
775 381 944 456 Truncus
970 407 1033 457 au·-

83 523 166 604 tem,¹
186 505 274 578 dum
299 505 481 602 reposo
507 520 544 578 et
570 509 703 574 ὄπισθεν
730 527 750 574 a
776 504 926 602 spasmis
951 529 1061 576 cum.

84 629 214 701 curvari
238 639 295 700 sat
318 627 524 726 frequenter
551 625 784 722 observetur,
810 623 955 696 dextrae
987 627 1034 700 si÷

82 748 250 822 nistraeve
276 748 330 846 sui
355 747 467 846 partis
485 745 779 842 convulsionem,
796 768 867 843 que
884 742 1034 816 inlatus

83 867 256 966 flectatur,
282 867 371 940 adeo
397 891 479 940 raro
496 867 697 964 experitur,
722 877 763 937 ut
787 888 950 962 uuquam
976 887 1034 936 ex-

44 1079 51 1084 ·
83 989 182 1084 periri
207 985 429 1089 Mercurialis
455 1001 493 1058 ct
518 986 721 1061 Sorbuitius
748 982 855 1083 plane
882 1007 1034 1081 negave-

85 1109 157 1178 rint.
190 1107 303 1180 Cuius
336 1109 388 1180 rei
422 1127 568 1184 causam·
599 1107 639 1178 iu
673 1111 723 1178 eo‘
752 1128 901 1202 quaeras
936 1102 1037 1201 quod

83 1227 226 1320 musculi
253 1237 386 1328 corpus
412 1230 463 1324 in.
476 1237 634 1328 pronum
660 1239 697 1298 et
721 1225 761 1298 iu
777 1224 948 1326 supinum
973 1223 1037 1296 lle-

84 1356 211 1422 ctentes
242 1363 283 1422 et
314 1348 507 1446 fortiores⁷
536 1360 597 1445 et,
630 1371 716 1420 cum
744 1371 828 1441 usu,
855 1345 1053 1443 tumipsa·

84 1471 280 1542 anatomica
298 1467 546 1570 dispositione,
562 1467 675 1564 magis
692 1465 951 1564 antagonistice
964 1462 1038 1540 sihi
1081 1551 1082 1556 η

85 1592 231 1688 oppositi
264 1593 361 1686 sint,
395 1614 506 1689 quam
539 1589 604 1687 qui
636 1584 864 1662 dextrorsum
889 1599 927 1658 et
952 1585 1039 1660 sini-

86 1720 250 1786 strorsum
285 1723 448 1784 curvant.

148 1836 174 1918 §.
201 1831 261 1922 42.
288 1829 424 1902 Torani
450 1829 484 1901 ei
516 1829 668 1927 speciei,
700 1852 770 1928 qua
805 1824 1040 1902 convulsione

85 1949 194 2020 tonica
221 1947 285 2024 rel
309 1951 348 2021 in
375 1949 521 2022 alterius
536 1946 658 2020 lateris
684 1947 857 2020 musculis
883 1947 1041 2044 fortiori,
1062 2001 1067 2012 .

86 2067 136 2140 vel
156 2072 202 2143 'in
235 2068 324 2146 solis
356 2070 400 2142 iis
426 2082 630 2169 praesente,
656 2069 696 2140 in
721 2067 864 2142 huncce
889 2065 1042 2141 modum

85 2213 205 2288 corpus
244 2187 431 2286 flectitur,
465 2187 738 2288 pleurotltotoni
773 2211 909 2266 nomen
946 2187 1042 2260 Hirs-

85 2335 155 2384 mus
188 2320 236 2405 (2)
274 2311 458 2410 imposuit.
492 2309 620 2382 Talem
636 2307 840 2401 „Vrtsmvr
874 2311 923 2405 (3)
949 2311 1042 2406 vidit

84 2431 118 2500 in
131 2413 291 2528 iuvene,
318 2432 381 2530 qui
406 2417 609 2530 praegressa
634 2429 729 2504 laevi
753 2428 894 2504 brachii
918 2431 1042 2529 rigidi-

20 2585 25 2590 ·
85 2562 152 2640 tate
183 2566 221 2624 et
252 2548 518 2624 inflexibilitate
554 2545 665 2652 pleno
699 2562 824 2624 tetsno
855 2565 1042 2650 correptus

85 2670 230 2764 posthac
259 2669 409 2769 quidem
435 2695 563 2744 manus
584 2670 766 2770 pedesque
792 2669 942 2770 paulum
967 2697 1043 2745 mo·

84 2813 161 2861 vere
176 2790 321 2888 ualuit,
348 2804 431 2866 ante
459 2805 580 2866 tamen
597 2793 714 2891 ipsam
728 2805 883 2864 mortem
906 2815 1043 2865 novam

88 2911 373 2986 contractionem
399 2936 522 3011 passus
548 2926 617 3009 est,
635 2919 726 3010 q'uae
744 2936 876 3010 corpus
891 2911 931 2982 in
949 2909 1041 2985 latus
1135 2953 1137 2956 ·

88 3033 258 3116 curvavit.
290 3030 409 3132 Ipsius
443 3030 574 3106 deinde
606 3031 747 3123 Huruu.
779 3029 908 3132 aliquis
941 3056 1045 3130 aeger

78 3160 206 3240 tetauo
233 3149 442 3250 implicatus
468 3151 659 3252 aliquoties
676 3153 860 3226 sinistrum
886 3151 1044 3226 inlatus

73 3273 293 3368 ''contrectus
319 3283 400 3376 est:
435 3281 543 3370 atque
576 3281 731 3370 segetia
766 3270 923 3354 violenta
958 3269 1043 3345 colli

382 3472 754 3494 m

93 3585 130 3646 (tl
146 3585 184 3638 Cf.
202 3586 229 3652 S.
248 3585 306 3658 276.
323 3591 351 3640 et
368 3586 409 3640 36.

93 3675 132 3733 (ὴ
146 3672 186 3724 Ei.
204 3680 254 3726 rat.
271 3674 340 3729 med.
359 3673 388 3726 P.
406 3673 435 3725 Χ.
453 3690 479 3743 p.
501 3673 556 3726 135.
577 3736 579 3740 .

96 3759 134 3848 tl)
148 3759 284 3820 Monesen
298 3761 335 3817 'de
353 3761 408 3816 red.
427 3770 454 3818 et
471 3777 540 3817 caus.
559 3761 643 3817 norb.
662 3760 709 3833 Ep.
727 3725 759 3818 X.
774 3762 838 3820 Neo.
857 3781 881 3820 a.
