2614 4476
207 91 218 124 ¹
248 129 250 132 .

341 314 346 326 ,
985 271 1053 343 129

122 366 289 470 dextrum
313 367 419 440 variis
442 363 580 440 morbis
605 363 773 440 affectum
798 359 949 460 vidisse,
976 365 1078 437 cuius

118 487 173 558 rei
199 501 319 558 autem
344 489 384 559 in
409 509 553 560 causam
578 499 772 585 antequam
796 485 930 584 inquiri
946 498 1078 584 potest,

117 608 211 680 scire
238 633 329 707 opus
354 621 424 705 est,
442 631 539 694 *num
563 609 604 680 in
629 606 787 704 singulos
808 623 968 706 quosque
995 630 1078 680 ocu-

114 725 239 816 lorum
263 726 411 800 morbos
426 727 467 800 id
490 726 625 825 valeat,
650 752 697 799 an
724 727 846 800 forsan
863 751 990 800 eorum
1011 723 1077 796 ali-

116 849 181 948 qui
207 847 373 921 dextrum
398 847 545 922 oculum
561 850 681 947 potius
698 845 957 946 aggrediantur.
974 845 1079 922 Idem·

113 967 242 1040 referri
266 967 357 1042 dicit
381 981 598 1041 cataractam
615 966 776 1041 crebrius
802 992 822 1038 a
847 967 988 1039 sinistra
1017 989 1076 1040 oe·
1108 1009 1114 1022 ·

115 1111 279 1185 currere,
305 1087 405 1188 quod
428 1113 514 1165 vero
540 1090 649 1161 etiam
679 1102 716 1161 et
747 1085 895 1159 ulterius
921 1111 942 1158 a
966 1087 1074 1184 viris,

103 1205 249 1314 'quibus
266 1207 448 1308 ‘plurimos
473 1207 680 1282 huiusmodi
706 1231 830 1307 aegros
859 1203 1076 1282 observandi

112 1340 276 1428 potestas
309 1343 363 1403 est
375 1383 386 1427 ,
418 1329 710 1402 confirmandum
742 1342 779 1402 et
804 1327 926 1429 quoad
956 1328 1074 1401 varias

109 1454 314 1522 cataractae
347 1450 484 1549 species
518 1450 675 1523 strictius
709 1447 963 1524 definiendum
999 1472 1073 1522 essa

110 1567 330 1640 videtur.'-
342 1571 502 1644 Laevum
526 1569 675 1644 oculum
698 1570 739 1642 in
762 1568 982 1646 'variolarum
1003 1571 1074 1667 priss

108 1711 174 1759 mo
201 1687 318 1760 stadio
342 1689 456 1786 magis
473 1714 558 1788 prae
575 1688 700 1765 dextro
716 1688 896 1788 lacrymas
922 1685 1073 1760 sundere

108 1806 384 1881 Rosarsrarrius
417 1812 464 1901 (1)
498 1817 712 1886 auctorest
737 1809 793 1882 De
818 1809 974 1904 ratione,
1001 1831 1072 1904 qua

107 1927 162 2000 ita
188 1927 572 2027 fierividetur71nsra
598 1930 728 2004 dicam.

184 2035 367 2147 §.94111
391 2047 570 2149 plerisque
584 2049 781 2151 myopibus
797 2048 964 2124 dextrum
988 2069 1072 2124 ocu·
1129 2031 1131 2038 Α

105 2167 187 2240 lum
211 2170 324 2266 magis
350 2170 494 2242 sinistro
519 2195 693 2269 myopem
726 2195 803 2240 esso
836 2168 1000 2236 mes·
1020 2172 1070 2256 (ι)

105 2286 281 2372 affirmat,
306 2295 413 2382 atque
438 2309 481 2356 ex
504 2311 551 2369 co
576 2287 724 2386 repetit,
742 2281 843 2384 quod
860 2283 924 2382 qui
944 2303 1071 2358 eorum

104 2401 249 2500 singulo
271 2403 368 2476 ¹vitro
394 2401 530 2476 oculari
554 2417 719 2503 utantur,
745 2403 873 2477 dextro
897 2403 1003 2501 uculo
1028 2401 1070 2476 id

105 2519 265 2597 obiicere
290 2522 439 2596 soleant.
465 2523 722 2598 Isaumrrrums
748 2525 796 2616 (3)
820 2549 908 2599 vero
932 2549 952 2596 c
979 2547 1068 2607 cone

107 2643 220 2716 trario
246 2641 361 2716 dextri
386 2643 484 2717 oculi
508 2644 632 2720 multis
652 2644 867 2722 haminibus
892 2628 1085 2718 maiorem

108 2765 225 2838 aciem
251 2788 327 2838 esse
354 2763 573 2840 contendit'

480 3169 706 3192 m

97 3407 149 3468 ’(ι)
170 3399 524 3543 Ei.-316<inderkrankheiten',
548 3403 631 3458 ittera.
649 3421 701 3458 νοιι
715 3403 826 3460 ‘Mamur
845 3405 919 3476 1774.
935 3405 1002 3460 Atta
1023 3423 1060 3461 ιι.

167 3508 194 3561 p.
215 3507 224 3543 ι

108 3583 148 3644 (2)
166 3577 250 3632 Jruss
266 3576 349 3632 Wam
365 3579 444 3634 Beob.
462 3579 527 3634 tiber
541 3579 628 3636 Kum·
616 3599 667 3636 ·u.
684 3580 901 3654 remearat.
890 3600 919 3638 ιιι
936 3581 1060 3638 Graiam

167 3665 265 3718 Annat
287 3664 358 3719 1816.
375 3666 408 3720 Ν.
426 3682 467 3720 ar.
1087 3681 1091 3690 '

110 3749 377 3820 mhcpffra
