2614 4476
960 258 1026 336 153
1086 272 1091 280 '

100 385 216 458 dextra
241 384 590 481 sanguinismoram
616 394 709 479 esse,
735 395 856 480 putat,
887 381 988 480 quod
1018 396 1055 454 et

56 589 59 595 Ν,
97 502 231 602 longior
264 506 314 576 sit
346 502 468 578 dextra
501 517 560 602 et,
595 503 683 580 dum
715 501 805 574 haec
840 516 953 575 acuto·
981 501 1051 576 sub

96 625 221 722 angulo
239 627 280 702 in
299 650 427 700 cavam
443 624 587 722 influat,
604 625 834 709 transversim
857 622 1054 722 emulgenti

93 747 270 845 imposita.
286 748 344 820 sit.
378 747 494 824 Satius
526 770 613 820 vcro
645 744 800 816 Prrrrns
832 743 1051 821 varicoceles

94 865 333 966 frequentiam
358 893 378 940 a
407 868 560 943 sinistris
591 866 764 938 maiorem
801 864 977 938 derivavit
1010 889 1054 936 ex

92 989 231 1085 eadem,
249 989 301 1060 in
327 985 437 1088 quam
460 991 542 1068 iam¹
559 987 716 1060 Dmnrus
743 985 905 1062 animum
925 986 1052 1084 adver-

93 1120 198 1205 terat,
226 1109 517 1210 compressione,
542 1131 652 1206 quam
676 1106 715 1178 in
740 1102 983 1203 obstipatione
1001 1103 1053 1182 lae

89 1223 322 1326 horrentibus,
339 1228 517 1328 imprimis
533 1223 742 1302 varicocelis
753 1223 941 1320 obnoxiis,
959 1247 1051 1296 vena

90 1344 146 1417 illa
171 1347 318 1433 excoli
342 1347 436 1425 flexu
461 1347 567 1421 iliaco
594 1361 631 1420 et
654 1359 755 1422 recto
780 1345 885 1418 facile
913 1347 1052 1445 experi-

90 1456 160 1536 tur.¹
185 1467 347 1545 Eadem,
363 1467 414 1540 ¹ad
444 1465 669 1566 hydrocelen
701 1466 740 1538 in
768 1464 879 1540 latere
905 1467 1050 1538 sinistro
1086 1495 1087 1500 ¹

91 1583 316 1685 &equentius
342 1586 559 1686 gignendam
583 1584 698 1659 multa
715 1585 878 1658 conferre
893 1585 1051 1682 videtur,

89 1728 319 1808 nequaquam
344 1723 483 1803 antem,
506 1732 591 1780 cum
623 1705 724 1778 testis
757 1729 778 1774 a
812 1703 945 1782 dextris
978 1705 1049 1776 fre-

56 1873 60 1879 ·
90 1829 255 1926 quentins
285 1815 470 1926 aegrotets
487 1851 612 1901 omnes
639 1851 679 1896 ea
702 1821 879 1896 tolluntur
900 1823 1051 1946 difficul·¹
1080 1865 1083 1872 ·

92 1955 187 2018 tates.
252 1989 261 2007 --

216 2310 277 2404 II.
304 2297 425 2384 Morbi
446 2310 655 2410 genitalium
681 2307 914 2388 muliebrium.

158 2675 183 2758 ξ.
216 2670 298 2762 ιιά.
324 2669 423 2742 Inter
447 2666 593 2744 morbos
623 2669 776 2744 alterum
801 2667 961 2766 corporis
992 2665 1046 2738 la-

90 2795 144 2858 tus
175 2815 266 2889 prae
300 2789 413 2862 altero
446 2789 639 2864 afficientes
672 2787 900 2876 referendam
935 2788 1044 2860 etiam
1074 2829 1077 2834 ,

90 2902 181 2982 duco
207 2910 302 2985 uteri
326 2935 447 2983 versus
474 2909 634 2985 dextram
658 2911 883 2986 sinistramve
905 2921 1045 3007 partem

90 3046 107 3092 a
131 3029 248 3125 pelvis
274 3031 331 3102 axi
356 3029 647 3103 declinationem.
675 3032 793 3120 Quam
819 3028 1044 3101 dextrorsum

28 3199 32 3210 .
89 3149 314 3242 potissimum
340 3152 416 3223 fieri
441 3153 513 3229 iam
547 3153 760 3225 vetustiores
784 3147 945 3222 medicos
978 3148 1042 3220 ob-

89 3287 242 3342 servasse
261 3296 303 3344 ex
320 3273 536 3346 Moncncnro
555 3270 604 3366 (r)
622 3270 793 3370 intelligo.
807 3268 975 3342 Hormos
994 3274 1041 3361 (2)

394 3531 735 3558 m

91 3685 128 3745 (¹)
145 3687 172 3740 L.
191 3707 215 3758 c.¹
230 3691 278 3761 Ep.
295 3691 337 3757 48.
355 3707 381 3742 n.
401 3691 444 3756 39.
524 3647 526 3654 v

95 3773 183 3862 (ηΕἰ.
202 3778 235 3830 de
252 3779 361 3846 vaginae
378 3779 447 3832 uteri
465 3780 1036 3850 structurarugosocomm.1742.p.16.17.
