2586 4480
137 261 140 272 ¹
240 229 310 322 rdo

207 371 403 424 nervorum
428 373 542 447 nexu,
568 369 642 450 quo
668 351 789 450 priora
815 349 877 423 illa
904 352 1087 448 nituntur,
1118 377 1174 424 ex-

202 470 292 568 poni
324 483 437 569 puto,
469 469 547 542 aliis
587 471 666 544 solo
704 497 901 548 nervorum
938 471 1173 572 sympathico

202 589 333 663 affectu
359 591 585 691 provocatis,
612 591 690 664 aliis
716 594 834 664 maius
860 592 1010 692 quidem
1027 595 1174 690 sangui·

203 709 384 784 ficationis
410 712 575 784 omnisve
600 711 856 812 productionis
881 712 1013 786 vitium
1039 737 1176 812 suppo·

204 829 393 928 uentibus,
417 827 472 903 illi
498 845 642 930 tamen,
669 845 711 905 nt
736 831 867 905 eodem
891 833 932 904 in
957 831 1089 928 latere,
1117 834 1177 906 cui

205 963 393 1047 aegrotans
409 951 528 1024 viscus
546 951 707 1048 adiacet,
732 955 945 1051 praesertim
965 965 1178 1052 appareant,

207 1069 435 1143 debentibus.
453 1069 604 1144 Pulsum
621 1073 663 1144 in
679 1085 835 1171 utroque
852 1095 962 1172 carpo
980 1072 1179 1170 diversum,

206 1191 313 1263 unius
353 1190 474 1263 lateris
517 1191 711 1290 sudorem,
752 1190 929 1289 oedema,
969 1191 1179 1291 atrophiam

210 1309 339 1383 crebro
365 1335 559 1390 nervorum
584 1312 624 1383 in
662 1311 777 1384 altero
810 1309 922 1384 latere
954 1311 1179 1388 resolutione

208 1430 353 1527 induci,
380 1455 448 1502 nec
474 1455 571 1530 non,
598 1431 699 1531 quod
724 1429 812 1503 alias
829 1413 975 1531 quoque¹
1001 1458 1023 1504 a
1049 1457 1180 1508 nervo-

210 1575 293 1622 rum
325 1550 365 1621 in
399 1563 553 1650 utroque
590 1549 703 1623 latere
729 1549 924 1628 differente
963 1551 1180 1626 incitatione

208 1669 411 1770 pendeant,
438 1669 606 1768 gravibus
632 1669 835 1744 rationibus
866 1669 1035 1774 suaderi,
1067 1683 1180 1772 supra

207 1775 363 1864 rrronui:¹
380 1783 477 1866 unde
504 1804 794 1865 consentaneum
819 1804 874 1868 est
898 1778 1059 1864 iddicare
1072 1847 1084 1891 ,
1116 1795 1179 1866 iis·

209 1911 293 1984 dem
319 1913 439 1986 nervis
464 1909 580 2009 effici,
604 1925 646 1984 ut
672 1913 712 1984 in
742 1913 922 1985 viseerum
946 1913 1055 1985 variis
1080 1914 1180 1987 vitiis

183 2035 248 2104 ¹‘in
272 2034 369 2132 parti
394 2033 595 2131 aegrotanti
620 2031 863 2132 respondente
888 2030 999 2104 latere
1015 2057 1180 2131 praeser-

207 2154 276 2224 tim
301 2151 450 2226 morbus
482 2165 703 2253 propagetur
736 2165 773 2224 et
806 2150 935 2253 κατ’ἵξιν
968 2149 1185 2230 huiusmodi

210 2285 455 2376 symptomata
482 2285 678 2371 emergant.
705 2271 867 2346 Oedema
893 2269 998 2371 pedis
1030 2273 1182 2373 quidem
1219 2371 1223 2386 ‚

210 2419 254 2465 ex
278 2417 323 2466 eo
348 2392 455 2466 multi
479 2393 715 2493 repetebant,
739 2391 839 2494 quod
868 2391 1181 2493 lymphaticorum

209 2538 378 2587 vasorum
403 2515 524 2587 trunci
551 2539 572 2585 a
596 2513 799 2598 tumefacto
817 2513 954 2586 viscere
980 2517 1183 2614 compressi

172 2626 178 2654 ⁵
211 2648 345 2733 essent,
372 2633 472 2736 quod
497 2659 603 2732 vero,
630 2635 773 2708 etiamsi
787 2657 1064 2734 nonnunquam
1093 2659 1182 2737 sup-

210 2755 425 2853 ponendum
466 2755 540 2852 sit,
586 2779 706 2854 saepe·
729 2767 826 2828 certe
865 2778 959 2827 non·
985 2755 1036 2826 ita
1080 2781 1182 2854 esse,
1238 2755 1241 2762 “

210 2873 398 2949 oedemate
438 2891 567 2945 manns
608 2873 754 2970 dextrae
791 2872 934 2973 hepatis
976 2875 1070 2946 vitiis
1103 2900 1182 2949 non

209 2981 398 3096 nunquam
425 2994 609 3082 adiuncto,
633 2993 838 3068 edocemur.
864 2993 896 3065 A
927 2993 1094 3093 pulsibus
1129 3021 1184 3068 ar-

175 3129 177 3136 ’
210 3119 321 3188 teriae
346 3115 492 3187 radiaiis
519 3114 566 3186 ad
592 3113 728 3212 reliqua
749 3113 950 3210 saraguifera
975 3139 1059 3187 vasa
1082 3115 1184 3188 colli·

199 3237 370 3336 *gendum
400 3247 536 3331 est,·et
560 3233 647 3306 hinc
674 3259 718 3304 ex
747 3259 942 3307 nervorum
974 3233 1184 3334 sympathia

209 3358 317 3429 unius
350 3355 463 3427 nrodo
498 3379 610 3453 genae
644 3353 796 3426 rubores
810 3380 824 3450 ‚·
855 3353 1005 3426 arteriae
1038 3356 1184 3430 inuno

210 3476 323 3550 modo
348 3475 513 3547 brachio
527 3472 730 3571 subsultus‚
757 3474 941 3570 sanguinis
959 3497 1002 3546 ex
1019 3473 1186 3550 eiusdem

210 3596 323 3668 modo
362 3594 508 3690 lateris,
545 3619 622 3666 non
664 3591 802 3692 altero,
842 3593 1020 3666 foramine
1066 3593 1184 3669 nasali

212 3713 402 3812 effluxum,
438 3714 527 3794 dum
564 3711 827 3796 inflammatio
850 3713 949 3794 lenta
984 3739 1013 3818 e
1040 3710 1183 3790 directo
