2586 4480
220 259 304 360 198·
1285 345 1286 356 χ

215 394 323 480 atque
350 377 439 478 quid
470 393 545 477 est,
579 403 737 479 quaero,
771 377 872 480 quod
904 379 1042 453 maiori
1064 379 1174 480 ipsius
1285 447 1286 450 ,

215 500 396 574 efficaciae
422 498 514 573 adeo
544 498 764 600 respondeat
796 524 906 598 quam
938 497 1172 574 inflammatio

215 620 409 719 chronica,
423 643 527 720 ,quae
553 621 761 721 saepissime
786 620 987 694 nutritione
1013 620 1174 692 nimiast

214 741 465 839 induratione,
492 742 581 840 quin
608 763 786 814 novarum
810 739 970 839 partium
995 727 1174 814 formatio
1285 815 1286 820 ,

216 891 263 937 ne
289 861 481 936 exseritur?
506 861 609 934 Idem
626 874 706 934 tum
722 859 843 933 ulcera
860 885 927 934 nos
944 859 1081 934 docent
1097 859 1171 934 laxa
1285 879 1286 888 ¹

215 997 253 1057 et
277 1009 424 1058 omnem
441 982 619 1057 medelam
637 983 862 1081 respuentia,
882 1007 976 1081 quae
992 983 1175 1054 sinistrum
1285 969 1286 1032 Ϊ

216 1131 298 1180 crus
311 1084 539 1204 frequentius
556 1129 599 1176 ac
615 1102 782 1177 dextrum
800 1101 998 1177 defoedant
1014 1128 1085 1177 nec
1101 1105 1175 1178 ubi-

212 1230 269 1302 vis
294 1251 315 1298 a
340 1225 435 1299 liene
461 1224 639 1324 hepateve
665 1237 872 1321 aegrotante
905 1223 1063 1299 derivari
1080 1249 1179 1326 'ques
1285 1275 1286 1322 ,

215 1360 284 1421 unt
313 1347 378 1445 (1).
413 1325 624 1444 Eademque
657 1343 909 1444 productionis
942 1345 1102 1442 dignitas
1139 1349 1176 1419 iu·

215 1467 341 1541 dextro
366 1466 481 1540 latere
504 1467 668 1566 superior
691 1466 731 1536 in
755 1462 845 1538 flore
869 1465 998 1564 ipsius,
1015 1468 1178 1542 novidu-

216 1588 355 1662 dividui
382 1586 618 1685 formatione,
648 1609 843 1685 earumque
871 1589 1048 1685 partium,
1087 1611 1183 1688 quae
1285 1601 1286 1616 ¹

215 1709 311 1782 hanc
329 1721 479 1783 movent
496 1709 601 1807 eique
618 1707 871 1802 moderantur,
893 1707 1111 1781 conditione
1123 1723 1179 1783 :est
1277 1795 1280 1804 Ι

216 1830 598 1931 conspicua.·Etenim
624 1831 662 1900 in
690 1828 816 1900 dextro
843 1829 934 1899 uteri
960 1826 1075 1902 latere
1094 1855 1177 1901 ovu-
1285 1897 1286 1908 ,

214 1951 291 2024 lum
317 1949 556 2048 radices'agit
580 1961 617 2021 et
641 1947 687 2019 ab
706 1945 775 2019 hae
797 1961 899 2047 parte
918 1949 1115 2021 nutritium
1131 1949 1179 2021 la·

216 2075 324 2144 tieem
350 2073 466 2171 capit,
493 2071 608 2144 dextri
634 2070 746 2142 orarii
772 2067 966 2152 efficientia,
990 2069 1179 2142 formatrix

216 2193 357 2293 saepius
384 2217 493 2292 quam
520 2192 654 2263 sinistri
680 2190 833 2261 nimium
851 2191 890 2262 iu
908 2190 1058 2288 gradum
1078 2191 1181 2266 effer·-

218 2327 294 2410 tur,
319 2311 411 2385 adeo
437 2326 478 2384 ut
502 2310 606 2416 rudia
633 2311 916 2420 noviuindividui
935 2313 1055 2410 initia,
1071 2315 1177 2415 pilos,

216 2457 295 2506 ossa
321 2433 493 2505 informia
522 2433 720 2534 dentesque
749 2447 933 2533 procreet,
959 2447 1012 2531 et,
1039 2459 1058 2505 a
1088 2461 1177 2510 con-

213 2553 346 2626 cubitu
357 2555 566 2652 incitatum,
577 2554 766 2627 formandi
783 2554 993 2655 embryonis
1013 2557 1174 2654 primum

215 2673 400 2747 materiale
423 2673 570 2746 initium
597 2699 672 2747 nou
689 2674 870 2776 propellat
887 2701 907 2746 a
925 2700 963 2748 ss
979 2676 1019 2758 iu
1040 2675 1177 2774 tubam,

215 2794 281 2866 sed
302 2797 425 2894 ipsum
451 2793 573 2866 foveat
598 2795 745 2892 germen
770 2807 882 2896 atque,
909 2790 1067 2893 ercolat5
1095 2797 1178 2870 dex·

217 2929 341 3014 terque
368 2915 468 2987 testis
494 2914 642 2987 tandem
666 2915 848 3017 plerisque
873 2917 959 2991 viris
975 2917 1093 2990 maior
1112 2931 1176 2990 est.

216 3036 357 3128 Quibus
382 3034 523 3109 addere
540 3036 644 3134 licet,
675 3035 810 3110 nullam
833 3051 980 3140 ¹praeter
1011 3037 1177 3112 canalem

178 3203 181 3209 -
216 3155 461 3229 intestinalem
486 3181 562 3231 esse
587 3171 746 3257 partein,
771 3158 811 3230 in
824 3183 908 3258 ⁵qua
938 3171 1015 3244 tam
1048 3158 1180 3232 erebro·
1285 3137 1286 3220 f

217 3275 432 3350 animalcula
458 3279 604 3378 propria
619 3281 694 3352 vvita
713 3278 904 3376 gaudentia
922 3291 1176 3380 procreentur,

217 3421 327 3495 quam
363 3395 479 3498 hepar
509 3396 635 3474 dextro
670 3398 773 3473 lateri
807 3399 975 3474 adsiturn.
1008 3398 1176 3472 Eandem
1285 3469 1286 3490 2

596 3659 809 3684 m

221 3771 362 3841 mets
384 3775 438 3830 ις..
