2614 4476
98 399 130 470 in
160 396 269 472 cordis
301 395 508 472 vehementi
541 393 780 497 palpitatione
809 407 847 468 et
876 396 1038 496 spirandi

98 517 287 591 difficultate
312 517 483 591 infestato
510 514 670 616 quodam
687 512 850 588 dextram
871 518 1039 590 arteriam

97 638 251 712 radialem
282 640 445 736 sinistra,
481 641 582 738 cujus
615 634 762 737 pulsum
795 661 842 709 ne
871 636 1040 737 frequen·

97 773 159 830 tem
195 759 341 860 quidem
359 735 496 831 dicere
538 771 682 858 poterat
695 811 706 855 ‚
739 754 798 831 vel
835 769 891 830 ter
916 759 1040 832 'rarius

95 878 282 977 pulsantem
299 879 564 954 animadvertit
595 879 628 950 T
633 891 805 978 antopcre
822 890 944 952 autem
959 903 1041 953 raro

95 998 305 1075 abinvicem
331 999 558 1098 abscondunt
581 999 769 1097 utriusque
793 996 914 1070 lateris
947 1012 1039 1072 arte·

93 1122 211 1196 riarum
234 1121 375 1223 pulsus,
399 1119 614 1221 plerumque
641 1117 803 1194 celeritas
827 1118 959 1217 modo,
984 1145 1040 1194 ro-

93 1238 168 1340 bur,
193 1239 405 1344 magnitudo
431 1255 468 1314 et
493 1241 643 1314 durities
668 1238 759 1314 aliae
785 1253 871 1314 sunt
894 1241 935 1313 in
956 1240 1040 1317 *alio

94 1387 199 1464 numo.
581 1441 592 1464 ,
987 1463 990 1470 ι

154 1491 179 1577 5.
210 1485 270 1562 61.
306 1484 435 1559 Pulsus
468 1486 508 1558 in
542 1496 698 1586 utroque
736 1507 847 1586 carpo
879 1483 1042 1561 diversus

92 1601 291 1680 creberrime
316 1603 477 1704 singulae
503 1603 692 1678 cuiusdam
709 1603 854 1690 alterius
878 1608 1040 1708 conponis

91 1720 196 1808 latens
221 1726 336 1828 partis
351 1724 491 1800 morbo
506 1725 690 1808 comitem
707 1749 753 1798 se
777 1724 961 1825 adiungit,
990 1728 1042 1799 ita

91 1857 125 1918 ut
146 1871 247 1947 saepe
259 1844 455 1930 eiusmodi
481 1859 587 1918 causa
603 1844 656 1918 ibi
673 1841 828 1947 vqu‘oque
854 1847 1040 1947 suspican-

90 1963 128 2037 da
150 1969 208 2066 sit,
236 1949 304 2043 ubi
329 1950 403 2042 alia
425 1967 526 2066 signa
550 1991 632 2039 eam
657 1990 734 2040 non
759 1966 931 2066 produnt.
957 1965 1041 2041 Fre-

90 2090 246 2184 quentius
267 2071 432 2162 interim
470 2089 508 2160 in
539 2085 700 2162 febribus
736 2101 774 2162 et
810 2087 1042 2163 omnismodo

88 2207 211 2298 morbis
244 2208 351 2284 aliter
367 2211 406 2282 in
423 2208 494 2306 alio
510 2208 621 2282 latere
637 2211 767 2284 arteria
784 2209 912 2309 micat,
931 2233 1042 2310 quam

87 2341 122 2400 ut
128 2347 144 2426 ‚'
161 2329 318 2406 localem
342 2331 549 2432 systematis
575 2330 769 2430 sanguileri
794 2321 906 2432 partis
927 2331 1046 2415 citius

89 2445 163 2524 dam
186 2451 359 2526 affectum
385 2465 504 2527 cetera
529 2453 585 2526 sui
613 2451 735 2526 lateris
767 2478 852 2527 vasa
880 2454 921 2527 in
953 2478 1047 2527 con--¹

86 2595 222 2648 sensum
257 2597 429 2672 vocasse,
463 2571 582 2652 ubivis
616 2599 821 2675 supponere
851 2576 1041 2674 possimus.

85 2689 183 2770 Haud
205 2720 290 2772 raro
319 2697 429 2769 ctiam
452 2695 579 2796 pulsus
604 2693 812 2768 differentia
828 2721 849 2768 a
867 2693 1041 2794 generalis

85 2817 262 2918 utriusque
289 2817 451 2917 corporis
476 2815 597 2890 lateris
622 2811 846 2892 incitationis
879 2815 1061 2889 differen-v

85 2934 144 3034 tia,
167 2951 204 3011 et
229 2963 344 3040 quum
383 2938 548 3012 incitatio
573 2963 595 3009 a
619 2961 815 3052 nepvorum
846 2949 1042 3037 systemate,
1146 2935 1150 2938 ”

84 3071 259 3156 regnetur,
286 3058 332 3132 ab
357 3080 402 3133 eo
431 3057 588 3158 pendet,
622 3057 725 3158 quod
755 3056 864 3158 hujus
897 3055 1041 3130 dextrae

84 3188 117 3248 et
139 3179 300 3265 simetrae
323 3179 436 3281 partis
469 3180 564 3260 actio
589 3175 659 3252 sibi
685 3203 762 3253 non
792 3158 952 3277 aequalis
983 3176 1047 3250 sit'

85 3295 178 3388 Quae
210 3325 250 3374 rc
281 3325 367 3374 vera
398 3302 450 3374 ita
481 3325 556 3374 esse
568 3354 580 3398 ‚
613 3298 701 3372 inde
734 3311 907 3406 apparet,
942 3297 1042 3397 quod

83 3415 119 3488 in
142 3444 337 3496 nervorum
360 3421 498 3496 morbis
524 3446 639 3496 unum
663 3419 776 3496 modo
801 3405 964 3519 corporis
993 3416 1043 3489 la-

84 3549 136 3612 tus
160 3540 219 3615 vel
244 3541 397 3626 alterum
413 3543 553 3643 gravim
569 3567 657 3643 prae
672 3541 786 3616 altero
803 3535 1042 3614 afficientibus

86 3657 286 3762 frequenter
319 3665 503 3766 utriusque
536 3664 686 3738 arteriae
719 3661 862 3737 diverso
895 3655 1043 3759 pulsant

77 3777 201 3862 'modo
228 3787 271 3866 Iu
296 3785 512 3888 hemiplegia
536 3783 729 3892 paralytici
753 3781 894 3860 brachii
914 3779 1041 3881 pulsus
