2586 4480
952 301 1014 378 ¹9¹

97 403 253 475 conscios
277 399 386 476 faciat
409 400 469 474 vel
484 395 870 485 motusmuseuloruin
888 398 1046 476 vitietur„

96 521 168 611 Qua
191 545 234 594 ex
257 519 482 597 revertetis
508 521 619 594 etiam
634 519 752 592 maior
768 519 905 619 species
926 521 1048 592 conie-

95 651 208 712 cturae
239 640 381 715 accedit
411 664 519 740 supra
550 640 782 740 propositae,
815 636 1048 737 hemiplegias

95 756 188 832 haud
200 773 406 861 praegresso
424 759 564 834 insultu
583 757 811 859 apopleetioo
821 757 1051 857 invadentes,

95 879 122 950 si
145 904 265 954 revera
289 880 457 955 dextrum
480 879 576 952 latus
601 877 825 979 frequentius
850 876 1050 975 resolvant,

94 999 139 1070 ita
164 997 296 1097 facere,
324 1001 408 1099 quia
434 997 482 1071 ad
507 997 672 1070 dextram
695 992 877 1069 medullae
909 1009 1051 1093 partem

94 1117 227 1190 facilius
250 1121 361 1192 nimis
387 1130 603 1215 congeratur
628 1115 791 1214 sanguis3
812 1119 881 1187 nee
898 1137 974 1186 non
991 1140 1050 1187 su·

92 1237 198 1334 spioio
226 1239 385 1336 gignitur
409 1250 465 1310 sat
495 1235 589 1308 bene
621 1235 785 1331 munita,
819 1224 1052 1332 hemiplegia·

91 1379 166 1428 rum
196 1356 370 1429 harumce
403 1364 502 1427 mere
535 1379 706 1428 nervosas
742 1376 818 1428 non
860 1353 1050 1451 dextrum,

92 1471 160 1546 sed
174 1473 326 1574 perinde
351 1499 393 1546 ao
425 1473 542 1547 dictos
569 1473 718 1544 affectus
742 1473 929 1546 sinistrum
953 1471 1049 1545 latus

90 1595 295 1690 praesertim
311 1591 464 1691 aggredi.
483 1592 611 1664 Ferme
627 1591 726 1664 idem
743 1591 875 1664 deinde
892 1594 932 1665 in
953 1615 1052 1665 uere*

90 1710 150 1784 bro
176 1712 359 1808 obtinere,
386 1725 495 1810 atque
520 1715 559 1785 in
586 1733 648 1809 eo,
681 1709 805 1810 quod,
839 1709 886 1782 a‘d
920 1710 1051 1810 reliqui

90 1835 289 1929 systematis
314 1833 456 1905 nervosi
482 1828 776 1926 similitudinem,
801 1832 842 1901 in
867 1828 970 1903 laeva
996 1832 1053 1930 ip·

92 1953 157 2022 sius
181 1965 284 2052 parte
311 1949 450 2023 facilius
477 1975 518 2022 ac
544 1952 584 2022 iu
602 1950 727 2022 dextra
745 1941 889 2045 ignotus
907 1973 1054 2048 proees-

91 2095 168 2168 sus,
202 2096 279 2172 quo
308 2073 450 2142 animae
484 2071 745 2144 commercium
779 2094 863 2141 oum
898 2093 1050 2168 corpore

91 2191 238 2284 nititur,
271 2190 437 2264 turbetur
452 2202 505 2262 'et
537 2182 768 2290 nequaquam
800 2213 822 2260 e
847 2193 1077 2288 systematis·

28 2342 30 2348 ·
67 2311 277 2407 *sauguiferi
299 2312 455 2394 actione
497 2309 686 2382 aberrante
725 2310 979 2408 pessumdatus
1015 2313 1053 2382 in

89 2432 228 2529 seipso
255 2431 357 2530 quasi
383 2427 581 2525 dilabatur,
606 2431 787 2502 rationem
806 2427 916 2503 obiici
934 2432 1054 2502 existi·
1109 2522 1113 2526 Ι

89 2571 168 2647 nro,
184 2541 186 2546 ’
203 2575 274 2650 qua
310 2548 500 2649 apoplexia
532 2573 687 2647 nemea,
720 2575 812 2649 quae
828 2559 829 2564 ’
847 2549 1050 2648 hysterioae
1120 2613 1121 2617 ,

88 2669 264 2767 passionis
288 2669 525 2769 symptomati
546 2691 654 2770 saepe
678 2666 779 2741 hand
803 2670 927 2768 inepte
953 2693 1056 2741 com-

90 2788 248 2884 paranda
282 2801 336 2862 est
348 2843 358 2889 ,
388 2787 613 2888 llequentius
645 2783 903 2887 hemiplegiam
936 2787 1056 2864 dextri

90 2903 209 2984 lateris
233 2907 426 3009 relinquet.
452 2901 510 2982 Ad
535 2931 683 2980 oausam
707 2907 807 2980 enim
831 2908 869 2978 in
889 2910 1056 3006 opposita

91 3020 226 3103 terebri
249 3040 352 3130 perte
376 3026 588 3102 haerentem
621 3039 765 3100 constat
798 3021 1057 3125 hemiple'giern

89 3159 231 3222 tantum
254 3171 330 3222 nou
356 3164 498 3248 semper
514 3147 756 3220 revocandam
775 3171 861 3218 esse.
881 3147 926 3219 In
947 3145 1055 3220 alius·

89 3268 188 3342 modi
205 3267 402 3367 apoplexiis
421 3290 590 3342 vasorum
608 3266 746 3342 cerebri
764 3264 1053 3363 sanguiserorum

90 3389 201 3484 actio,
226 3413 318 3486 qnae
343 3389 383 3459 in
408 3387 635 3486 spasmodica
661 3409 681 3459 a
714 3385 812 3458 bona
846 3385 1055 3458 valetudine

89 3504 301 3606 plerumque
331 3531 407 3580 nou
440 3507 625 3605 abscedit,
658 3508 767 3579 nimis
803 3507 955 3579 incitata
989 3517 1053 3578 est.

92 3623 208 3714 Quam
233 3627 272 3698 iu
295 3624 418 3698 dextre
436 3640 537 3724 parte
555 3626 778 3725 frequentius
794 3648 837 3696 ac
853 3626 893 3695 in
910 3625 1057 3722 opposi-

93 3755 127 3814 ta
143 3769 249 3844 supra
266 3745 418 3818 modum
444 3746 560 3820 efferri
577 3769 710 3846 eoque,
726 3735 1057 3845 quodellioientiae
