2586 4480
585 358 592 389 s
953 325 1021 378 201

107 447 205 523 saepe
228 377 336 497 altera
363 426 643 498 contractiorem
667 399 818 524 reperim
807 421 962 496 'sticum
989 417 1105 518 (ι).,

105 541 206 616 Renis
231 557 356 618 contra
380 544 440 619 vel
464 545 609 618 alterius
636 543 836 618 deficientis
862 543 921 617 vel
944 546 1053 618 unius

105 661 283 738 eduobus
309 658 469 738 confecti
494 661 604 736 etad
630 661 783 736 alterum
810 665 934 762 spinae
959 663 1054 738 latus

105 779 261 880 dispositi
287 782 462 856 tredecim
486 785 526 855 in
553 781 696 865 ossibus
721 785 761 854 in
787 782 934 884 dextro,
964 781 1056 857 alte-

104 902 216 1000 n'sque
239 904 279 976 in
305 902 480 976 tredecim
494 904 536 974 in
553 896 698 975 sinistro
720 901 832 976 latere
848 903 977 977 unicus
990 929 1055 977 ren

103 1018 284 1096 haerebat:
315 1029 425 1122 atque
458 1047 522 1095 sex
544 1023 794 1120 ¹feminarum,
827 1021 957 1122 quihus
988 1023 1056 1096 suh

104 1129 207 1212 altera
230 1167 390 1214 mamma
416 1144 560 1232 tertiam
575 1139 632 1214 lae
648 1140 884 1240 praebentem
899 1140 1056 1230 haesisse
1155 1137 1162 1156 '

103 1238 249 1336 relatum
275 1274 346 1358 est,
370 1263 480 1334 unica
507 1261 632 1333 dextra
656 1275 695 1334 et
712 1259 771 1334 vel
790 1264 951 1361 quinque
972 1263 1057 1334 sini·

78 1431 82 1438 »
102 1395 169 1476 stra
194 1379 333 1482 duplici
360 1379 575 1479 gaudebant.
593 1379 696 1472 Quae
713 1379 863 1481 quidem
879 1405 1055 1482 aequeac

40 1541 45 1546 -
102 1524 274 1574 mammae
300 1496 466 1590 sinistrae
494 1503 663 1600 testisque
693 1500 811 1574 dextri
841 1501 1067 1599 magnitudo¹

102 1643 202 1719 saepe
227 1621 344 1692 maior
368 1618 546 1693 dedocere
561 1619 750 1718 videntur,
769 1644 902 1717 organa
922 1619 985 1693 iila
1002 1647 1058 1700 se-

101 1740 299 1836 oementia,
326 1739 371 1811 de
389 1737 519 1837 quihus
536 1741 608 1811 iam
625 1754 748 1812 actum
765 1752 837 1836 est,
855 1742 896 1811 in
911 1741 1055 1814 univer·

101 1882 176 1929 sum
191 1859 304 1954 magis
320 1859 478 1947 eminere
493 1851 532 1930 in
550 1851 696 1931 sinis'tro
713 1857 844 1955 latere,
862 1858 1056 1932 cerebrum

89 1989 236 2076 autem,
262 1965 492 2075 pulmonem,
518 1989 665 2079 testem,
687 1978 851 2051 orarium
868 1979 909 2049 in
927 1975 1057 2051 dextro

100 2098 209 2193 magis
234 2077 436 2194 praestare,
462 2117 504 2168 ac
536 2112 687 2196 propter
719 2095 792 2170 hoc
827 2115 928 2191 esse,
954 2095 1059 2196 quod

99 2213 137 2285 in
159 2213 291 2286 iisdem
315 2214 487 2292 lateribus
514 2239 677 2314 quaeque
704 2218 917 2316 praesertim
938 2241 1060 2313 aegro

101 2345 186 2405 tent.
213 2335 296 2425 Qua
326 2335 365 2404 in
398 2357 438 2405 re
476 2333 712 2432 dispositione
747 2337 858 2408 etiam
894 2337 1060 2436 corporis

99 2455 302 2528 anatomica
327 2451 433 2526 valde
459 2453 671 2552 confirmor,
698 2456 834 2554 quippe
867 2479 938 2553 qua
969 2479 1060 2554 pan-

99 2597 217 2670 oreas,
243 2573 345 2652 cuius
371 2585 550 2645 secretum
567 2571 698 2646 salivae
715 2571 973 2646 simillimum
964 2571 1061 2685 mter

70 2687 209 2792 ,fluida
236 2689 297 2762 illa
310 2689 540 2764 referendum
566 2681 680 2792 aquae
706 2694 811 2791 copia
837 2715 958 2778 serum
974 2679 1057 2766 san·

99 2813 216 2905 guinis
231 2808 337 2909 longe
363 2811 586 2910 superantia,
604 2825 711 2910 atque
728 2810 985 2910 pericardium,
999 2838 1061 2913 pe-
1082 2814 1087 2820 ’
1111 2836 1133 2870 ἰ

100 2928 245 3002 culiaris
259 2926 492 3008 r'nemhranae
507 2952 646 3002 serosae
663 2954 798 3026 saccus,
811 2927 929 3027 laevo,
946 2929 1062 3030 hepar

100 3055 240 3146 autem,
277 3051 420 3146 organis
453 3061 638 3147 postremo
673 3046 757 3123 loco
791 3039 900 3121 dictis
937 3048 1062 3149 aliquo

98 3177 266 3269 respectu
291 3165 420 3240 saltem
441 3165 567 3264 affine,
580 3165 707 3242 dextro
724 3166 828 3242 lateri
845 3193 913 3288 pro
930 3171 1061 3244 maiori

101 3289 155 3358 sui
181 3300 284 3386 parte
315 3285 495 3382 inhaeret,
521 3285 713 3359 ventriculi
747 3275 900 3386 handus,
925 3291 1063 3387 praeei-

99 3431 193 3503 puus
230 3407 330 3478 succi
367 3405 510 3502 gastrioi
544 3413 734 3505 tantopere
773 3405 821 3479 ad
853 3405 1063 3480 aciditatem

104 3803 145 3864 (ι)
163 3797 339 3852 hethenrieth
356 3796 528 3870 Physiologie.
546 3797 577 3850 T.
596 3797 646 3852 111.
663 3815 690 3870 p.
708 3815 766 3868 29¹·
784 3799 810 3866 ς.
833 3797 905 3866 rode.
