2614 4476
242 291 311 370 116

286 416 312 500 i.
339 412 400 484 82.
426 405 574 480 Modoa
596 407 705 481 solito
722 409 874 482 omnino
891 407 1085 485 recedente
1102 406 1176 484 Jos,
1299 503 1300 514 ἵ

210 531 392 604 Faernus
418 535 531 602 zonae
555 527 776 627 peculiarem
793 527 955 602 indolem
978 529 1020 602 in
1045 554 1091 602 eo
1110 554 1179 628 po·

209 650 288 746 nit,
314 647 414 747 quod
431 659 641 720 constanter
657 673 772 720 unum
787 649 900 747 partis
917 647 1065 724 affectae
1081 647 1177 722 latus

212 766 348 866 cinguli
371 769 485 840 instar
510 764 678 863 ambeat,
697 766 887 840 'abdomen
912 783 956 840 vj
972 795 1004 866 g.
1031 793 1053 840 a
1078 767 1178 842 linea

211 887 294 962 alba
320 886 368 960 ad
390 889 513 986 spinas
537 886 785 960 vertebrarum
801 886 860 961 vel
885 886 930 960 ab
952 911 1024 960 una
1050 887 1100 960 ad
1127 887 1179 960 al·
1287 867 1300 884 ’ἵ

210 1024 328 1082 teram
345 1009 493 1082 cristam
510 1007 599 1078 ossis
623 1005 701 1104 ilei,
725 1004 920 1080 brachium
936 1005 1050 1081 veluti
1073 1005 1179 1080 dimi·

212 1128 316 1202 dium
333 1125 493 1200 armillae
512 1139 580 1198 etc.
607 1125 802 1224 Singularis
822 1125 912 1200 haee
929 1139 1024 1200 esset
1048 1129 1180 1201 circini

210 1249 431 1348 pertinacia,
457 1269 571 1344 eaque
599 1270 643 1320 ex
667 1247 830 1345 corporis
844 1259 975 1319 natura
999 1244 1103 1318 haud
1128 1247 1180 1320 ita

207 1367 319 1466 ,facile
345 1365 404 1440 vel
429 1367 580 1438 omnino
599 1388 677 1438 non
696 1364 921 1463 explicanda.
948 1365 1032 1456 Quo
1056 1367 1184 1439 minus

214 1487 436 1586 accipiatur,
471 1485 611 1558 etiamsi
644 1509 665 1558 a
697 1499 799 1558 tanto
834 1497 890 1557 tot
908 1497 1182 1585 ‘tantorumque

213 1609 378 1682 virorum
410 1629 590 1678 consensu
625 1605 666 1676 in
701 1604 806 1677 aliter
837 1604 1045 1677 statuendo·
1070 1603 1184 1702 plane

216 1725 464 1824 abstrahatur,
490 1723 791 1824 gravia'obstant.
818 1723 1047 1824 Saepe·enim
1065 1739 1183 1816 zoste-

215 1849 265 1921 ris
284 1845 500 1928 exanthema
517 1843 695 1920 circulum
708 1843 902 1918 dimidium
918 1869 995 1916 non
1010 1843 1184 1942 absolvit,

216 1967 283 2041 sed
305 1991 373 2068 per
396 1964 554 2064 singulas
580 1978 724 2037 tantum
749 1963 909 2062 aliquas,
935 1963 1022 2038 lieet
1047 1963 1184 2038 fasciae

218 2089 258 2160 in
282 2085 435 2160 modum
452 2085 660 2184 dispositas,
686 2082 809 2182 plagas
824 2085 982 2183 erumpit
999 2088 1066 2179 (ι),
1094 2085 1185 2182 quin

218 2209 329 2280 unica
353 2203 472 2278 insula
496 2203 697 2278 absolvitur
730 2207 803 2300 (2);
836 2203 1014 2276 Guunsrus
1048 2201 1185 2276 deinde
1303 2241 1304 2284 3

218 2323 363 2397 humeri
388 2337 503 2397 totam
521 2323 849 2412 circumferentiam
866 2321 1029 2394 ambiens
1049 2320 1187 2396 vidisse
1303 2413 1304 2428 χ

218 2447 387 2542 videtur,
412 2469 480 2516 nec
506 2442 624 2542 ullus,
638 2456 827 2542 ,quantum
851 2441 988 2540 sciam,
1017 2440 1065 2513 de
1092 2465 1187 2516 zone

223 2567 270 2640 ab
286 2564 399 2638 altero
414 2589 492 2638 osse
509 2562 571 2635 ilci
596 2563 643 2636 ad
660 2560 813 2634 alterum
829 2575 1040 2654 excurrente
1055 2565 1187 2662 refert,

222 2714 291 2764 nec
307 2687 385 2786 ipse
401 2685 580 2758 Furnos
599 2679 711 2783 quum
728 2680 859 2754 nullibi
874 2679 1052 2754 eiusmodi
1069 2709 1188 2757 exem·

223 2807 276 2907 pli
286 2807 518 2901 ‚mentionem
535 2792 658 2900 faciat,
679 2801 789 2874 talem
806 2799 1014 2876 observasse
1029 2787 1185 2878 videtur.

298 2931 324 3017 §.
351 2925 410 2998 83.
436 2924 514 2996 Iam
527 2947 614 2998 vero
631 2917 794 3023 quaestio
813 2919 980 2994 habenda
998 2932 1070 3019 est,
1097 2925 1187 3022 quid

225 3069 353 3119 causae
368 3041 501 3143 subsit,
517 3055 560 3116 ut
574 3042 666 3115 adeo
683 3054 892 3121 constanter
907 3064 982 3114 uno
1007 3041 1049 3113 in
1073 3039 1186 3116 latere

225 3189 263 3236 se
297 3153 483 3237 conlineat
510 3175 628 3236 zoster
652 3173 760 3260 atque
793 3157 842 3234 ad
865 3156 1027 3234 medium
1054 3184 1186 3262 corpus

214 3571 217 3585 Ι
235 3600 584 3667 matrisanimula„

229 3695 270 3754 (a)
287 3689 308 3742 l.
326 3689 355 3741 Ρ.
373 3689 460 3744 Fun
476 3690 494 3742 l.
512 3707 535 3743 c.
553 3705 572 3761 p
597 3687 644 3757 442
660 3682 717 3740 sola
734 3680 799 3736 ossis
816 3681 863 3738 ilei
882 3683 955 3756 regio
971 3682 1007 3741 nd
1026 3683 1130 3757 palm!
1147 3685 1184 3752 1⁸?

286 3775 431 3833 titudinem
446 3776 593 3833 innumeris
609 3773 725 3847 pustulis
742 3771 837 3827 obsita.
906 3843 909 3848 Ι
958 3800 962 3862 L
