2586 4480
283 309 349 383 ¹92

250 425 403 475 nerveae
427 400 665 477 refectionem
689 408 831 505 saepius
854 405 910 478 ibi
930 402 1130 506 prohibeat,
1152 405 1196 478 ef-

191 618 193 626 ?
251 524 356 594 ficere
381 520 513 617 videri,
539 537 580 595 ut
609 523 846 624 hemiplegiae
875 525 955 597 illas
980 524 1196 624 insequentes

249 637 435 711 sinistrum
453 641 574 739 potius
591 655 740 740 tangant
756 643 860 739 latus,
879 669 986 742 snpra
999 645 1073 716 iam
1094 639 1197 720 attnii.

248 757 387 831 Verum
412 758 563 832 alteram
585 762 737 862 insuper
760 762 930 836 accedere
955 744 1070 862 paene
1100 760 1199 836 credo

250 877 412 952 eiusdem
428 881 479 951 rei
498 863 686 954 rationem.
704 884 851 956 Etenim
868 866 1090 978 recorderis,
1103 905 1200 978 supra

248 1021 309 1069 me
348 997 612 1072 nonnullorum
646 999 871 1073 mentionem
912 1001 1064 1097 fecisse,
1098 1024 1203 1100 quae,
1280 1031 1281 1096 ἦ

248 1141 379 1190 nervos
404 1117 525 1190 lateris
557 1120 692 1191 sinistri
725 1145 745 1192 a
778 1122 855 1219 pari
885 1121 1049 1218 ipsorum
1080 1119 1204 1206 centri,
1280 1169 1281 1174 κ

129 1233 132 1240 ’
248 1237 437 1335 oppositae
463 1235 602 1309 cerebri
630 1239 769 1337 partis,
801 1240 892 1313 vitio
926 1241 1070 1336 gravim
1104 1263 1204 1339 quam

248 1380 310 1426 eos
336 1354 452 1427 dextri
478 1354 603 1453 affligi,
633 1361 807 1429 moveant
831 1360 1095 1458 suspicionem:
1121 1381 1204 1457 quac

243 1472 395 1570 -qnidem
421 1475 579 1572 suspicio
605 1474 842 1573 frequentiori
858 1475 1004 1552 illorum
1021 1477 1204 1560 affectione

246 1617 465 1692 magnopere
491 1608 652 1691 augetur.
675 1595 871 1667 Probatam
896 1609 1018 1670 autem
1044 1599 1077 1668 si
1102 1595 1205 1670 habe·
1280 1593 1281 1604 ’

246 1737 352 1808 mus,
391 1715 499 1784 etiam
537 1716 632 1786 vasis
666 1716 706 1785 in
738 1729 893 1814 utraque
928 1715 1069 1788 cerebri
1112 1700 1204 1816 parte

239 1833 444 1932 ecqualite'r
469 1833 605 1905 affectis
621 1859 816 1906 nervorum
834 1836 873 1932 in
894 1859 1048 1934 corpore
1067 1821 1205 1912 sinistro

246 1977 453 2052 sparsorum
484 1951 717 2027 efficientiam
755 1952 928 2026 crebrius
948 1955 988 2025 in
1011 1951 1205 2056 apoplexin

245 2097 435 2172 wocynsque
459 2071 556 2144 laedi
582 2071 714 2154 debere
748 2071 1123 2171 comprehendimus,
1153 2085 1204 2167 ut,

239 2192 336 2296 ¹dum
360 2193 521 2291 oppositi
549 2206 634 2291 post
666 2190 823 2264 insultus
856 2194 1049 2266 transitum
1086 2193 1205 2267 condi·

238 2313 385 2384 tionem
409 2326 626 2410 recuperent
650 2311 871 2410 normalem,
896 2311 1060 2384 eiusdem
1092 2312 1206 2392 lateris
1281 2335 1282 2426 ᾖ

246 2429 461 2529 hemiplegia
480 2429 956 2531 relinquntur-Exposita
978 2457 1069 2504 vero
1090 2445 1206 2505 tecum
1281 2435 1282 2438 ’

243 2562 417 2648 reputans
441 2573 566 2622 nonne
592 2563 877 2649 consentancum
893 2549 996 2623 dices
1013 2552 1207 2645 coniicere,
1281 2539 1282 2546 ἵ

211 2668 372 2740 ‘eadem
405 2693 602 2741 nervorum
632 2669 916 2769 eorporislaevi
950 2665 1094 2743 facilins
1135 2684 1205 2744 tnr-

243 2787 363 2860 banda
397 2789 543 2860 actione
577 2789 696 2887 eflici3
731 2803 774 2862 ut
806 2803 843 2862 et
875 2787 1140 2864 rheumatismo
1172 2802 1205 2859 ct

244 2906 452 3005 arthritidi,
486 2908 676 2982 anomalae
709 2908 862 3008 saltem,
894 2923 932 2982 et
963 2933 1078 2984 zonae
1112 2908 1206 2982 idem

231 3028 358 3124 ,magis
385 3025 511 3099 dextro
537 3027 737 3100 obnoxium
762 3031 828 3127 sit,
846 3027 1044 3126 aflectibus,
1065 3031 1109 3105 in
1132 3030 1205 3129 qui·

161 3153 170 3167 '
241 3143 312 3216 bus
337 3170 533 3220 nervorum
558 3150 757 3220 maximum
782 3173 858 3222 esse
890 3131 1122 3224 momentum
1154 3148 1206 3220 in·

243 3262 345 3336 doles
370 3264 533 3362 ipsorum
560 3280 684 3365 aperte
710 3266 829 3340 docet.

316 3390 341 3472 §.
384 3383 461 3484 139.
496 3385 569 3459 Sed
600 3387 788 3458 mittamus
820 3409 1015 3460 nervorum
1041 3385 1205 3480 affectus,

244 3503 293 3576 ad
321 3529 412 3602 qnos
437 3505 597 3603 {posthac
623 3504 851 3578 redeundum
891 3509 982 3604 erit,
1017 3521 1054 3580 et
1084 3507 1203 3607 perlu-

237 3637 400 3696 stremus
420 3626 494 3698 iam
520 3627 755 3721 vegetationis
780 3627 880 3697 varia
905 3627 1017 3723 vitia,
1050 3651 1203 3725 quorum

241 3744 282 3814 in
307 3740 480 3830 alterutro
505 3745 615 3818 latere
640 3735 867 3844 frequentior
892 3745 993 3820 sedes
1018 3760 1080 3820 est.
1107 3748 1200 3820 Ecce
