2614 4476
932 273 999 348 133

114 406 165 494 ·§.
192 401 252 502 96.
280 397 518 474 Monoteurus
547 398 619 496 (ι),
654 396 716 496 qui
747 393 1026 496 pleuritidema

76 521 198 594 dextris
224 521 507 619 frequentiorem
532 533 570 591 et
594 518 777 590 mitiorem
801 518 878 615 ipse
908 529 1026 588 ratam

75 641 233 714 habuisse
258 639 430 737 uidetur,
446 663 589 736 eorum,
613 663 706 740 quae
732 663 751 709 e
779 637 937 715 thoracis
968 637 1024 709 in-

75 725 557 856 flammarionffinre‘rierint,
583 759 825 832 anatomicam
855 757 1028 856 perquisi-

75 883 203 954 tionem
244 870 336 954 non'
357 903 553 978 congruere
593 879 810 952 observavit.
839 905 924 951 cum
956 878 1035 951 hau

75 999 219 1075 laterum
244 981 471 1097 differentia,
503 997 670 1071 hahuisse
695 997 794 1070 enim
824 997 1026 1072 inflamma-

74 1121 203 1196 tionem
227 1123 326 1194 inter
350 1120 412 1214 31,
439 1143 530 1220 quae
545 1117 751 1214 Vmsmvs,
776 1132 813 1190 et
838 1143 901 1216 21,
938 1145 1062 1219 quae⁸

75 1241 145 1338 ipse
169 1240 359 1316 recluserit
382 1237 636 1312 huiuscemodi
653 1237 845 1337 cadavera,
863 1240 1029 1339 sepositis

75 1359 136 1450 iis,
166 1363 206 1434 in
239 1360 373 1464 quibus
407 1355 559 1459 utraque
591 1385 675 1459 pars
698 1359 922 1435 inflammata
955 1358 1029 1434 visa

76 1482 133 1578 sit,
156 1481 381 1582 reliquorum
407 1480 562 1555 totidem
588 1481 661 1554 fere
687 1506 708 1554 a
733 1483 911 1580 sinistris,
942 1493 1032 1581 quot

77 1600 263 1674 adextris.
296 1603 398 1692 Quae
431 1624 516 1674 vero
551 1601 726 1678 Toumar
759 1605 1031 1701 ceterorumque

78 1724 330 1820 assertionem,
363 1734 506 1794 tantum
520 1705 524 1712 ¹
540 1719 658 1818 abest,
684 1733 726 1792 ut
751 1722 903 1794 omnino
934 1720 1032 1793 refu-

78 1851 166 1938 tent,
192 1855 236 1914 nt
260 1843 382 1940 potius
408 1840 482 1914 fere
509 1842 723 1914 confirmare
754 1840 964 1913 videantur:
991 1836 1031 1913 iri

71 1962 212 2056 'gravius
237 1954 346 2035 enim*
361 1959 564 2061 periculum
588 1986 632 2034 ex
655 1961 789 2033 rariore
809 1960 1033 2034 sinistrarum

79 2082 233 2202 partium
258 2079 544 2158 inflammatione
569 2105 692 2180 aegros
725 2080 858 2153 adduci
883 2079 1035 2154 conteri·

79 2197 221 2304 derunt,
247 2215 285 2274 et
309 2201 396 2276 hinc
419 2215 524 2302 putes
540 2199 747 2277 Versatrse
764 2214 801 2274 et
816 2199 1035 2276 Marcoduro

79 2318 125 2391 ita
142 2320 336 2396 accidisse.
367 2322 507 2412 Quodsi
539 2336 685 2420 antem,
719 2325 841 2422 quem'
859 2321 932 2395 illis
963 2323 1037 2395 vita

81 2441 278 2516 animatum
304 2467 435 2542 corpus
452 2442 626 2541 exhibuit,
652 2441 948 2516 inflammationis
965 2470 1039 2516 cre·

81 2556 237 2636 hriorem
262 2563 307 2633 in'
328 2562 451 2636 dextra
476 2563 633 2636 thoracis
667 2577 769 2663 parte
803 2561 1038 2662 proventum,

81 2677 118 2750 in
148 2695 297 2756 mortuo
330 2684 584 2757 confirmatum
611 2684 735 2758 videre
759 2681 951 2779 volumus,
976 2707 1038 2754 eos

83 2801 189 2873 etiam
214 2803 392 2900 respicere
424 2817 592 2904 oportet,
618 2805 681 2904 qui
705 2802 764 2879 vel
788 2801 926 2904 phthisi
955 2801 1037 2901 pul·

82 2921 223 2994 moneri
237 2923 432 3021 perierunt,
447 2923 506 2998 rel
520 2922 626 3022 longe
644 2923 715 2996 alio
732 2923 861 2996 morbo
878 2915 1037 2994 confecti

83 3036 225 3135 pleuras
251 3053 288 3114 et
310 3041 501 3150 pulmones
533 3069 578 3116 ex
605 3044 725 3143 priore
752 3031 1037 3120 inflammatione
1145 3095 1148 3106 t

84 3158 228 3233 vitiatos
253 3147 501 3236 exhibuerunt
527 3161 621 3237 Vere
653 3177 774 3237 autem
799 3187 883 3238 eum
908 3161 1039 3234 confir·

86 3265 184 3352 mari'
201 3284 388 3380 sequentia
413 3282 608 3392 docebunt.

437 3551 703 3592 'm

92 3757 131 3820 (r)
147 3755 178 3812 t.
195 3774 218 3812 e.
236 3756 283 3830 Ep.
301 3773 342 3813 so.
359 3775 387 3814 n.
407 3759 445 3814 rs.
