2586 4480
260 264 333 338 218

233 383 426 480 thesinque
451 393 614 480 spectat,
642 393 762 480 partes
786 379 1008 454 censendum
1043 395 1098 455 cst
1129 382 1191 454 tri·

232 500 405 578 tuendas·
421 525 497 572 esse
511 523 679 572 summas
704 499 859 574 Ferento
875 523 961 574 vero
986 499 1149 600 ipsamm
1172 527 1192 574 a

234 621 388 696 sinistris
404 622 517 718 magis
542 622 724 692 eminente
742 620 912 696 antithesi
930 619 1064 720 polani,
1091 636 1133 696 ut
1156 623 1194 693 in

231 740 361 816 iisdem
375 740 540 840 partibus
558 739 699 814 facilius
712 741 823 813 etiam
833 738 1056 816 fluctuentur
1071 759 1195 814 earum

231 864 352 936 variae
377 863 609 934 attractiones
632 873 671 932 ct
694 856 917 961 repulsiones
948 883 1016 934 nec
1049 859 1195 934 harmo-
1290 925 1291 928 ,

230 984 315 1058 nice
339 995 491 1082 utraque
516 980 697 1079 eliciatur,
733 979 797 1054 sed
830 979 941 1054 altera
970 977 1011 1054 in
1044 979 1114 1054 alia
1141 981 1198 1055 vel

232 1103 302 1178 alia
327 1115 429 1204 parte
455 1127 541 1202 prae
567 1100 680 1175 altera
704 1102 813 1174 nimis
838 1100 1006 1176 excellat:
1039 1099 1198 1202 explica·

231 1235 308 1298 tam
334 1221 462 1312 exinde
487 1221 600 1296 habes
626 1221 826 1298 nervorum
845 1223 1038 1322 ipsiusque
1059 1221 1196 1296 cerebn'

198 1405 201 1409 .
230 1356 270 1415 et
294 1341 473 1416 medullae
488 1341 584 1448 laevi
607 1342 729 1416 lateris
745 1343 918 1416 maiorem
934 1341 1195 1441 mobilitatem,
1290 1369 1291 1376 ¹

230 1463 465 1561 insigniorem
489 1463 628 1536 scilicet
652 1463 814 1562 corporis
839 1463 916 1536 eius
941 1461 1089 1536 dimidii
1112 1489 1196 1563 pro·

231 1581 430 1662 olivitatem
455 1581 502 1654 ad
517 1597 638 1658 motus
653 1581 865 1658 muscularis
882 1607 1079 1682 sensusque
1097 1609 1198 1656 com·

229 1705 351 1778 munis
377 1704 536 1777 affectus.
561 1705 647 1793 Quo
673 1702 803 1777 eodem
829 1703 989 1774 fortassis
1014 1717 1197 1800 recurret„

119 1805 125 1816 ’
155 1857 158 1864 ·
230 1823 331 1924 quod
355 1822 515 1896 arthritis
534 1823 700 1896 anomala
725 1821 1068 1896 ct'rbeumatismus
1088 1848 1199 1895 zona·

229 1969 300 2043 que
325 1946 429 2040 ignea
446 1943 670 2043 frequentius
686 1943 758 2016 hoc
775 1942 869 2014 latus
886 1955 1057 2034 teneantx
1072 1943 1199 2042 Suspi-

141 2149 149 2162 ,
231 2065 292 2138 cio
314 2063 463 2162 insuper
485 2043 665 2162 iniicitur,
697 2065 738 2135 in
763 2061 975 2160 morborum
1000 2085 1199 2134 nervorum

131 2271 134 2276 ¹
231 2182 398 2258 ordinem
430 2184 642 2281 praesertim
679 2180 829 2255 alteram
858 2179 959 2252 illam
1001 2178 1198 2254 affectuum

229 2301 317 2376 hnic
329 2304 425 2402 parti
440 2327 526 2403 prae
545 2301 669 2376 dextra
685 2303 799 2401 magis
813 2300 1052 2401 peculiarium
1069 2304 1199 2374 seriem

230 2422 398 2496 recedere
438 2420 660 2522 hydrogeuis
702 2422 910 2522 principatu
954 2422 1199 2520 insignitam,
1290 2427 1291 2518 f

229 2567 383 2644 eamque
408 2556 565 2642 tantum,
592 2565 685 2644 quae
703 2525 883 2644 orygems
917 2537 1023 2615 aucta
1054 2543 1199 2616 ratione

230 2662 479 2763 distinguitur,
504 2661 740 2761 vegetationis
765 2657 959 2765 praecipue
976 2661 1085 2764 prodi
1111 2663 1200 2736 alie-

231 2785 392 2864 natione.
449 2809 451 2817 *
919 2828 923 2838 ι
1066 2801 1069 2809 ·
1290 2801 1291 2888 l

302 2909 329 2993 ξ.
354 2901 433 2978 ι53.
447 2891 587 2976 Eadem
605 2927 625 2974 a
642 2927 750 2976 cansa
766 2901 944 3003 danique,
958 2925 1050 3003 quae
1062 2927 1198 2980 nervos
1290 2919 1291 3008 t

229 3024 392 3128 sinistros
406 3021 548 3096 facilius
563 3019 761 3108 turbandos
774 3023 952 3126 reddidit,
963 3021 1107 3096 illatum
1121 3049 1199 3097 esse
1290 3009 1291 3036 l

150 3218 154 3224 ,
230 3167 379 3242 censeo,
396 3141 497 3242 quod
513 3143 639 3216 dextro
657 3139 809 3216 bruchio
826 3143 989 3242 pedeque
1004 3167 1090 3242 prae
1108 3146 1199 3216 sini·

229 3277 303 3350 stro
329 3266 450 3361 potius
475 3277 629 3336 utamur.
661 3257 745 3336 Nou
778 3263 869 3338 adeo
895 3266 993 3335 enim
1017 3264 1198 3338 in‘latere

229 3380 375 3460 sinistro
396 3405 438 3455 ac
463 3384 504 3454 in
528 3382 654 3476 dextro
671 3382 742 3455 sibi
759 3383 1009 3456 constantibus
1027 3384 1105 3456 istis
1122 3383 1198 3462 ele-

175 3504 181 3520 ‘
227 3513 436 3578 mentorum
450 3504 614 3603 corporis
626 3501 779 3576 humaui
789 3503 926 3575 mutuis
939 3495 1196 3601 relationibus,
1290 3545 1291 3550 ,

229 3642 384 3718 quarum
407 3643 549 3694 summa
580 3625 849 3723 conspiratione
875 3613 1077 3696 necessario
1103 3649 1195 3724 opus

229 3752 301 3839 est,
326 3755 368 3816 ut
391 3741 571 3819 voluntati
595 3743 751 3819 liberum
768 3745 816 3818 sit
832 3768 939 3844 supra
958 3740 1141 3820 musculos
1157 3743 1191 3816 ei
