2586 4480
288 233 358 309 ‘1¹66

254 379 464 456 processus,
488 355 551 454 qui
576 351 769 454 perillam
801 351 850 426 ad
874 365 1003 427 testem
1029 358 1129 455 exit,
1156 383 1214 432 oc-

256 475 417 552 cluditur
429 531 438 573 ,
460 475 582 575 'atque
622 473 737 548 laxior
776 473 959 573 fortassis,
999 477 1031 548 si
1069 479 1216 553 conclu·

257 599 311 672 sio
340 596 426 670 inde
458 584 587 690 velet,
608 592 773 668 ambiens
804 595 918 670 etiam
949 594 1122 672 cellulosa
1155 615 1214 672 est

256 719 357 809 Quae
382 720 420 790 in
438 716 533 789 uiris.
551 714 668 788 Simili
683 712 797 790 modo
814 716 854 790 in
873 715 1008 790 semina
1026 744 1111 792 cum
1128 722 1216 792 uteri

256 837 456 935 ligamentis
490 833 662 910 teretibus
695 838 895 936 peritonaei
932 861 1123 939 processus
1156 865 1217 940 per

257 953 398 1032 canales
422 955 622 1054 inguinales
639 971 771 1030 exeunt
787 959 827 1030 in
852 957 948 1032 labia
964 958 1218 1060 pudendorum

256 1089 509 1176 penetrantes,
535 1077 575 1148 in
599 1077 742 1150 iuniore
769 1076 870 1150 soetu
897 1092 1007 1152 certe·
1019 1079 1138 1180 pervii
1163 1093 1220 1177 et,

257 1209 298 1268 ut
321 1196 354 1270 N
359 1221 479 1272 oculus
506 1201 553 1288 (r)
579 1209 617 1269 et
641 1195 828 1272 Ceutrones
846 1201 894 1290 (a)
913 1223 972 1270 me
990 1197 1217 1296 docuerunt,

255 1315 294 1388 in
320 1327 403 1388 nata
429 1318 539 1390 etiam
563 1315 706 1416 puella,
740 1315 829 1416 quin
855 1315 1005 1414 adulta,
1026 1317 1217 1390 ¹interdum

256 1438 389 1535 aperti,
413 1438 465 1510 ita
489 1449 532 1510 ut
556 1435 811 1512 diverticulum
844 1438 1095 1510 constituant:
1129 1463 1220 1538 quos·

256 1557 365 1630 etiam
389 1558 429 1632 in
455 1555 582 1640 dextro
606 1555 718 1630 latere
744 1555 881 1630 tardius
907 1556 1120 1630 conferrere
1134 1582 1222 1636 ,see-v
1288 1571 1291 1584 “

254 1681 407 1778 piusque
447 1679 611 1779 patentes
651 1677 808 1773 inveniri
849 1661 1125 1762 coniiciendum
1158 1691 1218 1750 est

254 1799 350 1872 Num
383 1797 498 1872 simile
532 1798 622 1899 quid
653 1798 794 1872 obtinet
831 1796 952 1898 qrroad
986 1796 1107 1870 hiatus
1141 1797 1220 1871 illos
1290 1809 1291 1858 1

256 1945 370 2022 prope
403 1912 546 1994 venam'
574 1916 743 2016 iliacem,
776 1916 985 1990 lierniarum‘
1026 1907 1220 1992 ‘cruraliunr
1290 1953 1291 2010 ἦ

256 2040 378 2116 sedeci
403 2041 560 2116 Uberius
585 2039 680 2112 infra
697 2053 906 2138 exponetur,
925 2035 1122 2137 oxygeues,
1140 2063 1220 2112 eon·
1279 2043 1291 2114 ’ἶ

255 2162 443 2235 tractionis
469 2172 506 2234 et
530 2159 721 2257 rigiditatis
747 2155 972 2258 praesidem,
999 2158 1039 2236 iu
1074 2158 1221 2230 sinistro
1290 2165 1291 2170 ’

254 2281 366 2354 latere
391 2305 478 2380 prae
503 2280 631 2352 ceteris
651 2271 813 2380 corporis
828 2275 1017 2352 elementis
1036 2281 1218 2371 eminere,

256 2415 363 2502 atque
396 2400 483 2476 hino
518 2400 608 2474 fere·
623 2397 816 2474 verisimile
855 2397 1010 2481 videtur.
1047 2396 1219 2470 Ceterum

255 2521 368 2598 modo
393 2523 554 2622 exposite
580 2533 765 2594 momentu
799 2517 847 2592 ad
865 2589 867 2592 ,
883 2516 1040 2590 crurales
1076 2515 1219 2590 hernias

255 2643 376 2716 minus
400 2643 587 2744 pertinent
611 2665 721 2740 quam
748 2638 797 2712 ud
825 2635 1049 2736 inguiuales,
1075 2651 1114 2710 et
1139 2637 1220 2708 hinc
1285 2697 1290 2702 .

257 2788 332 2834 esse
358 2775 480 2862 putes,
507 2760 607 2868 quod
632 2758 778 2836 illarum
805 2759 921 2868 copia¹
936 2753 976 2830 in
1011 2755 1141 2830 dextro
1175 2757 1221 2828 la·

258 2896 332 2958 tere
358 2907 443 2982 prae
469 2882 615 2956 sinistro
642 2904 718 2955 non
744 2891 847 2954 tanto
872 2878 989 2952 maior
1005 2878 1069 2976 sit,
1086 2890 1221 2983 quanto

260 3003 446 3076 harumce.
528 3017 553 3034 ·'

577 3377 920 3406 Μ

267 3593 307 3650 (r)
326 3583 363 3638 et.
383 3583 580 3654 adenographia
596 3599 620 3636 o.
638 3582 669 3634 X.

265 3682 303 3742 (α)
328 3657 375 3726 i'u.
399 3672 425 3726 e
448 3671 625 3741 sennua,
644 3668 672 3722 u.
690 3667 792 3722 cenet.
816 3673 900 3722 amn
920 3667 947 3722 u
973 3667 1168 3724 ememus
1194 3669 1220 3716 n

237 3757 241 3774 ⁸
322 3761 429 3830 ΑΜ
444 3777 486 3829 pr.
505 3743 593 3815 iae.
612 3758 645 3813 r.
664 3753 777 3848 xvup.
796 3751 855 3808 tu.
