<?xml version="1.0" encoding="UTF-8"?>
<!DOCTYPE html PUBLIC "-//W3C//DTD XHTML 1.0 Transitional//EN"
    "http://www.w3.org/TR/xhtml1/DTD/xhtml1-transitional.dtd">
<html xmlns="http://www.w3.org/1999/xhtml" xml:lang="en" lang="en">
 <head>
  <title>
</title>
<meta http-equiv="Content-Type" content="text/html;charset=utf-8" />
  <meta name='ocr-system' content='tesseract 3.04.00' />
  <meta name='ocr-capabilities' content='ocr_page ocr_carea ocr_par ocr_line ocrx_word'/>
</head>
<body>
  <div class='ocr_page' id='page_1' title='image "./delectusopuscul02frangoog_0229.png"; bbox 0 0 2586 4480; ppageno 0'>
   <div class='ocr_carea' id='block_1_1' title="bbox 226 287 305 359">
    <p class='ocr_par' dir='ltr' id='par_1_1' title="bbox 226 287 305 359">
     <span class='ocr_line' id='line_1_1' title="bbox 226 287 305 359; baseline 0.013 -1"><span class='ocrx_word' id='word_1_1' title='bbox 226 287 305 359; x_wconf 76' lang='lat'>&#39;212</span> 
     </span>
    </p>
   </div>
   <div class='ocr_carea' id='block_1_2' title="bbox 103 406 1198 3388">
    <p class='ocr_par' dir='ltr' id='par_1_2' title="bbox 103 406 1198 3147">
     <span class='ocr_line' id='line_1_2' title="bbox 201 406 1169 516; baseline 0.013 -38"><span class='ocrx_word' id='word_1_2' title='bbox 201 406 297 480; x_wconf 88' lang='lat' dir='ltr'><strong>hanc</strong></span> <span class='ocrx_word' id='word_1_3' title='bbox 323 410 363 478; x_wconf 88' lang='lat' dir='ltr'><strong>in</strong></span> <span class='ocrx_word' id='word_1_4' title='bbox 387 424 529 508; x_wconf 87' lang='lat' dir='ltr'><strong>partem</strong></span> <span class='ocrx_word' id='word_1_5' title='bbox 554 413 734 511; x_wconf 86' lang='lat' dir='ltr'><strong>repositus</strong></span> <span class='ocrx_word' id='word_1_6' title='bbox 760 407 895 486; x_wconf 85' lang='lat' dir='ltr'><strong>fundus</strong></span> <span class='ocrx_word' id='word_1_7' title='bbox 912 415 1120 516; x_wconf 82' lang='lat' dir='ltr'><strong>ventriculi,</strong></span> <span class='ocrx_word' id='word_1_8' title='bbox 1148 443 1169 491; x_wconf 90' lang='lat' dir='ltr'><strong>e</strong></span> 
     </span>
     <span class='ocr_line' id='line_1_3' title="bbox 202 533 1169 637; baseline 0.013 -38"><span class='ocrx_word' id='word_1_9' title='bbox 202 553 275 628; x_wconf 89' lang='lat' dir='ltr'><strong>quo</strong></span> <span class='ocrx_word' id='word_1_10' title='bbox 312 553 440 603; x_wconf 85' lang='lat' dir='ltr'><strong>succus</strong></span> <span class='ocrx_word' id='word_1_11' title='bbox 473 533 646 628; x_wconf 85' lang='lat' dir='ltr'><strong>gastrieus</strong></span> <span class='ocrx_word' id='word_1_12' title='bbox 682 535 860 630; x_wconf 84' lang='lat' dir='ltr'>originem</span> <span class='ocrx_word' id='word_1_13' title='bbox 892 534 1013 633; x_wconf 81' lang='lat' dir='ltr'><strong>ducit,</strong></span> <span class='ocrx_word' id='word_1_14' title='bbox 1057 552 1169 637; x_wconf 83' lang='lat' dir='ltr'><strong>atque</strong></span> 
     </span>
     <span class='ocr_line' id='line_1_4' title="bbox 201 647 1168 756; baseline 0.012 -37"><span class='ocrx_word' id='word_1_15' title='bbox 201 647 387 722; x_wconf 88' lang='lat' dir='ltr'><strong>declinant</strong></span> <span class='ocrx_word' id='word_1_16' title='bbox 412 650 460 723; x_wconf 89' lang='lat' dir='ltr'><strong>ad</strong></span> <span class='ocrx_word' id='word_1_17' title='bbox 484 677 565 724; x_wconf 88' lang='lat' dir='ltr'><strong>eam</strong></span> <span class='ocrx_word' id='word_1_18' title='bbox 582 679 601 724; x_wconf 93' lang='lat' dir='ltr'><strong>a</strong></span> <span class='ocrx_word' id='word_1_19' title='bbox 619 653 741 724; x_wconf 90' lang='lat' dir='ltr'><strong>medio</strong></span> <span class='ocrx_word' id='word_1_20' title='bbox 759 679 910 754; x_wconf 84' lang='lat' dir='ltr'><strong>corpore</strong></span> <span class='ocrx_word' id='word_1_21' title='bbox 929 679 1014 728; x_wconf 82' lang='lat' dir='ltr'><strong>cum</strong></span> <span class='ocrx_word' id='word_1_22' title='bbox 1034 683 1168 756; x_wconf 88' lang='lat' dir='ltr'><strong>magna</strong></span> 
     </span>
     <span class='ocr_line' id='line_1_5' title="bbox 200 771 1167 878; baseline 0.013 -39"><span class='ocrx_word' id='word_1_23' title='bbox 200 771 330 840; x_wconf 90' lang='lat' dir='ltr'><strong>arteria</strong></span> <span class='ocrx_word' id='word_1_24' title='bbox 347 785 590 870; x_wconf 85' lang='lat' dir='ltr'><strong>exygenatum</strong></span> <span class='ocrx_word' id='word_1_25' title='bbox 607 776 818 872; x_wconf 88' lang='lat' dir='ltr'><strong>sanguinem</strong></span> <span class='ocrx_word' id='word_1_26' title='bbox 835 775 971 850; x_wconf 86' lang='lat' dir='ltr'><strong>vehens</strong></span> <span class='ocrx_word' id='word_1_27' title='bbox 993 777 1167 878; x_wconf 85' lang='lat' dir='ltr'><strong>fibrisque</strong></span> 
     </span>
     <span class='ocr_line' id='line_1_6' title="bbox 200 888 1167 992; baseline 0.008 -30"><span class='ocrx_word' id='word_1_28' title='bbox 200 888 464 964; x_wconf 87' lang='lat' dir='ltr'><strong>muscularibus</strong></span> <span class='ocrx_word' id='word_1_29' title='bbox 481 893 671 991; x_wconf 83' lang='lat' dir='ltr'><strong>instructa,</strong></span> <span class='ocrx_word' id='word_1_30' title='bbox 698 907 777 969; x_wconf 88' lang='lat' dir='ltr'><strong>tum</strong></span> <span class='ocrx_word' id='word_1_31' title='bbox 797 921 879 992; x_wconf 79' lang='lat' dir='ltr'><strong>eor,</strong></span> <span class='ocrx_word' id='word_1_32' title='bbox 905 897 1091 976; x_wconf 84' lang='lat' dir='ltr'><strong>musculus</strong></span> <span class='ocrx_word' id='word_1_33' title='bbox 1116 900 1167 970; x_wconf 93' lang='lat' dir='ltr'><strong>ir·</strong></span> 
     </span>
     <span class='ocr_line' id='line_1_7' title="bbox 199 1007 1169 1116; baseline 0.006 -32"><span class='ocrx_word' id='word_1_34' title='bbox 199 1011 408 1084; x_wconf 87' lang='lat' dir='ltr'><strong>ritabilitate</strong></span> <span class='ocrx_word' id='word_1_35' title='bbox 434 1037 519 1111; x_wconf 88' lang='lat' dir='ltr'><strong>prae</strong></span> <span class='ocrx_word' id='word_1_36' title='bbox 546 1007 673 1086; x_wconf 80' lang='lat' dir='ltr'><strong>ceteris</strong></span> <span class='ocrx_word' id='word_1_37' title='bbox 690 1015 859 1086; x_wconf 89' lang='lat' dir='ltr'><strong>omnibus</strong></span> <span class='ocrx_word' id='word_1_38' title='bbox 879 1015 1039 1115; x_wconf 78' lang='lat' dir='ltr'><strong>pollens,</strong></span> <span class='ocrx_word' id='word_1_39' title='bbox 1065 1017 1169 1116; x_wconf 89' lang='lat' dir='ltr'><strong>quod</strong></span> 
     </span>
     <span class='ocr_line' id='line_1_8' title="bbox 132 1131 1167 1234; baseline 0.005 -31"><span class='ocrx_word' id='word_1_40' title='bbox 132 1131 133 1134; x_wconf 65' lang='grc'>’</span> <span class='ocrx_word' id='word_1_41' title='bbox 199 1131 330 1204; x_wconf 90' lang='lat' dir='ltr'><strong>iterum</strong></span> <span class='ocrx_word' id='word_1_42' title='bbox 369 1134 582 1206; x_wconf 85' lang='lat' dir='ltr'><strong>arteriosnm</strong></span> <span class='ocrx_word' id='word_1_43' title='bbox 620 1134 888 1234; x_wconf 82' lang='lat' dir='ltr'>parietibusque</span> <span class='ocrx_word' id='word_1_44' title='bbox 929 1134 1167 1208; x_wconf 75' lang='lat' dir='ltr'><strong>crassioribus</strong></span> 
     </span>
     <span class='ocr_line' id='line_1_9' title="bbox 128 1251 1198 1354; baseline 0.002 -34"><span class='ocrx_word' id='word_1_45' title='bbox 128 1269 131 1276; x_wconf 77' lang='grc'>’</span> <span class='ocrx_word' id='word_1_46' title='bbox 199 1251 360 1346; x_wconf 84' lang='lat' dir='ltr'><strong>gaudens</strong></span> <span class='ocrx_word' id='word_1_47' title='bbox 385 1252 659 1351; x_wconf 77' lang='lat' dir='ltr'><strong>cavumiaevo,</strong></span> <span class='ocrx_word' id='word_1_48' title='bbox 690 1279 867 1328; x_wconf 83' lang='lat' dir='ltr'><strong>venosum</strong></span> <span class='ocrx_word' id='word_1_49' title='bbox 898 1255 1025 1328; x_wconf 83' lang='lat' dir='ltr'><strong>dextro</strong></span> <span class='ocrx_word' id='word_1_50' title='bbox 1051 1258 1168 1354; x_wconf 88' lang='lat' dir='ltr'><strong>magis</strong></span> <span class='ocrx_word' id='word_1_51' title='bbox 1195 1317 1198 1322; x_wconf 83' lang='lat'><em>.</em></span> 
     </span>
     <span class='ocr_line' id='line_1_10' title="bbox 201 1369 1167 1468; baseline 0.006 -26"><span class='ocrx_word' id='word_1_52' title='bbox 201 1370 355 1442; x_wconf 88' lang='lat' dir='ltr'><strong>advertit</strong></span> <span class='ocrx_word' id='word_1_53' title='bbox 380 1369 502 1468; x_wconf 83' lang='lat' dir='ltr'><strong>lateri,</strong></span> <span class='ocrx_word' id='word_1_54' title='bbox 526 1386 606 1444; x_wconf 88' lang='lat' dir='ltr'><strong>tum</strong></span> <span class='ocrx_word' id='word_1_55' title='bbox 630 1371 710 1444; x_wconf 92' lang='lat' dir='ltr'><strong>tubi</strong></span> <span class='ocrx_word' id='word_1_56' title='bbox 736 1373 951 1446; x_wconf 88' lang='lat' dir='ltr'><strong>intestinalis</strong></span> <span class='ocrx_word' id='word_1_57' title='bbox 981 1373 1167 1448; x_wconf 79' lang='lat' dir='ltr'><strong>robustio-¹</strong></span> 
     </span>
     <span class='ocr_line' id='line_1_11' title="bbox 197 1489 1168 1592; baseline 0.004 -30"><span class='ocrx_word' id='word_1_58' title='bbox 197 1489 297 1564; x_wconf 89' lang='lat' dir='ltr'><strong>ribus</strong></span> <span class='ocrx_word' id='word_1_59' title='bbox 322 1492 424 1584; x_wconf 87' lang='lat' dir='ltr'><strong>fibris</strong></span> <span class='ocrx_word' id='word_1_60' title='bbox 445 1491 710 1590; x_wconf 86' lang='lat' dir='ltr'><strong>muscularibus</strong></span> <span class='ocrx_word' id='word_1_61' title='bbox 727 1495 926 1592; x_wconf 87' lang='lat' dir='ltr'><strong>maiorique</strong></span> <span class='ocrx_word' id='word_1_62' title='bbox 943 1493 1168 1590; x_wconf 86' lang='lat' dir='ltr'><strong>irritabilita·</strong></span> 
     </span>
     <span class='ocr_line' id='line_1_12' title="bbox 199 1597 1168 1712; baseline 0.002 -28"><span class='ocrx_word' id='word_1_63' title='bbox 199 1613 236 1684; x_wconf 87' lang='lat' dir='ltr'><strong>te</strong></span> <span class='ocrx_word' id='word_1_64' title='bbox 261 1611 418 1710; x_wconf 84' lang='lat' dir='ltr'><strong>insignes</strong></span> <span class='ocrx_word' id='word_1_65' title='bbox 434 1627 572 1712; x_wconf 82' lang='lat' dir='ltr'><strong>partes,</strong></span> <span class='ocrx_word' id='word_1_66' title='bbox 598 1597 841 1712; x_wconf 62' lang='lat' dir='ltr'><strong>oesophagns}</strong></span> <span class='ocrx_word' id='word_1_67' title='bbox 859 1609 930 1686; x_wconf 76' lang='lat' dir='ltr'><strong>coli</strong></span> <span class='ocrx_word' id='word_1_68' title='bbox 947 1614 1064 1686; x_wconf 87' lang='lat' dir='ltr'><strong>maior</strong></span> <span class='ocrx_word' id='word_1_69' title='bbox 1081 1639 1168 1712; x_wconf 85' lang='lat' dir='ltr'><strong>pars</strong></span> 
     </span>
     <span class='ocr_line' id='line_1_13' title="bbox 199 1731 1167 1833; baseline 0.004 -31"><span class='ocrx_word' id='word_1_70' title='bbox 199 1744 390 1833; x_wconf 82' lang='lat' dir='ltr'><strong>totumque</strong></span> <span class='ocrx_word' id='word_1_71' title='bbox 420 1746 571 1806; x_wconf 84' lang='lat' dir='ltr'><strong>reatum.</strong></span> <span class='ocrx_word' id='word_1_72' title='bbox 598 1734 650 1805; x_wconf 58' lang='lat' dir='ltr'><strong>‘In</strong></span> <span class='ocrx_word' id='word_1_73' title='bbox 684 1733 775 1806; x_wconf 86' lang='lat' dir='ltr'><strong>fibra</strong></span> <span class='ocrx_word' id='word_1_74' title='bbox 804 1731 1001 1805; x_wconf 71' lang='lat' dir='ltr'>masculari</span> <span class='ocrx_word' id='word_1_75' title='bbox 1041 1747 1167 1806; x_wconf 90' lang='lat' dir='ltr'><strong>autem</strong></span> 
     </span>
     <span class='ocr_line' id='line_1_14' title="bbox 200 1843 1168 1953; baseline 0.001 -29"><span class='ocrx_word' id='word_1_76' title='bbox 200 1877 316 1952; x_wconf 87' lang='lat' dir='ltr'><strong>aeque</strong></span> <span class='ocrx_word' id='word_1_77' title='bbox 340 1878 384 1926; x_wconf 88' lang='lat' dir='ltr'><strong>ae</strong></span> <span class='ocrx_word' id='word_1_78' title='bbox 406 1854 446 1925; x_wconf 87' lang='lat' dir='ltr'><strong>in</strong></span> <span class='ocrx_word' id='word_1_79' title='bbox 470 1855 644 1951; x_wconf 88' lang='lat' dir='ltr'><strong>sanguine</strong></span> <span class='ocrx_word' id='word_1_80' title='bbox 667 1843 841 1926; x_wconf 83' lang='lat' dir='ltr'><strong>arterioso</strong></span> <span class='ocrx_word' id='word_1_81' title='bbox 857 1878 1037 1952; x_wconf 80' lang='lat' dir='ltr'><strong>exygenes</strong></span> <span class='ocrx_word' id='word_1_82' title='bbox 1057 1879 1168 1953; x_wconf 88' lang='lat' dir='ltr'><strong>prae-</strong></span> 
     </span>
     <span class='ocr_line' id='line_1_15' title="bbox 200 1971 1168 2074; baseline 0 -29"><span class='ocrx_word' id='word_1_83' title='bbox 200 1971 313 2068; x_wconf 84' lang='lat' dir='ltr'><strong>valet,</strong></span> <span class='ocrx_word' id='word_1_84' title='bbox 332 1999 447 2072; x_wconf 85' lang='lat' dir='ltr'><strong>eoque</strong></span> <span class='ocrx_word' id='word_1_85' title='bbox 464 1976 576 2071; x_wconf 88' lang='lat' dir='ltr'><strong>magis</strong></span> <span class='ocrx_word' id='word_1_86' title='bbox 593 1973 798 2074; x_wconf 60' lang='lat' dir='ltr'><strong>praevalere</strong></span> <span class='ocrx_word' id='word_1_87' title='bbox 820 1972 978 2070; x_wconf 79' lang='lat' dir='ltr'><strong>videtur,</strong></span> <span class='ocrx_word' id='word_1_88' title='bbox 996 1997 1070 2071; x_wconf 85' lang='lat' dir='ltr'><strong>quo</strong></span> <span class='ocrx_word' id='word_1_89' title='bbox 1087 1973 1168 2045; x_wconf 89' lang='lat' dir='ltr'><strong>eius</strong></span> 
     </span>
     <span class='ocr_line' id='line_1_16' title="bbox 106 2090 1168 2193; baseline 0 -29"><span class='ocrx_word' id='word_1_90' title='bbox 106 2095 108 2100; x_wconf 73' lang='grc'>’</span> <span class='ocrx_word' id='word_1_91' title='bbox 199 2105 260 2188; x_wconf 83' lang='lat' dir='ltr'><strong>est¹</strong></span> <span class='ocrx_word' id='word_1_92' title='bbox 278 2092 651 2193; x_wconf 82' lang='lat' dir='ltr'><strong>irritabilitasmaior.</strong></span> <span class='ocrx_word' id='word_1_93' title='bbox 678 2093 818 2182; x_wconf 83' lang='lat' dir='ltr'><strong>Quibus</strong></span> <span class='ocrx_word' id='word_1_94' title='bbox 836 2091 1030 2188; x_wconf 85' lang='lat' dir='ltr'><strong>adiungere</strong></span> <span class='ocrx_word' id='word_1_95' title='bbox 1054 2090 1168 2164; x_wconf 86' lang='lat' dir='ltr'><strong>liceat</strong></span> 
     </span>
     <span class='ocr_line' id='line_1_17' title="bbox 198 2209 1166 2310; baseline -0.001 -28"><span class='ocrx_word' id='word_1_96' title='bbox 198 2210 328 2286; x_wconf 88' lang='lat' dir='ltr'><strong>eodem</strong></span> <span class='ocrx_word' id='word_1_97' title='bbox 363 2226 530 2310; x_wconf 81' lang='lat' dir='ltr'><strong>spectans</strong></span> <span class='ocrx_word' id='word_1_98' title='bbox 558 2209 794 2284; x_wconf 84' lang='lat' dir='ltr'><strong>memorabile</strong></span> <span class='ocrx_word' id='word_1_99' title='bbox 826 2209 1084 2282; x_wconf 76' lang='lat' dir='ltr'><strong>Aurrsarrrnrr</strong></span> <span class='ocrx_word' id='word_1_100' title='bbox 1112 2211 1166 2300; x_wconf 84' lang='lat'><strong>(1)</strong></span> 
     </span>
     <span class='ocr_line' id='line_1_18' title="bbox 103 2329 1165 2429; baseline -0.004 -25"><span class='ocrx_word' id='word_1_101' title='bbox 103 2373 111 2382; x_wconf 83' lang='lat'>·</span> <span class='ocrx_word' id='word_1_102' title='bbox 197 2329 428 2404; x_wconf 84' lang='lat' dir='ltr'><strong>observatam</strong></span> <span class='ocrx_word' id='word_1_103' title='bbox 436 2387 446 2429; x_wconf 71' lang='lat'><em>7</em></span> <span class='ocrx_word' id='word_1_104' title='bbox 461 2331 592 2405; x_wconf 78' lang='lat' dir='ltr'><strong>derrae</strong></span> <span class='ocrx_word' id='word_1_105' title='bbox 604 2333 754 2404; x_wconf 72' lang='lat' dir='ltr'><strong>arteriae</strong></span> <span class='ocrx_word' id='word_1_106' title='bbox 765 2329 971 2404; x_wconf 84' lang='lat' dir='ltr'><strong>suhalaviae</strong></span> <span class='ocrx_word' id='word_1_107' title='bbox 984 2331 1165 2428; x_wconf 82' lang='lat' dir='ltr'><strong>originem</strong></span> 
     </span>
     <span class='ocr_line' id='line_1_19' title="bbox 197 2450 1166 2548; baseline -0.001 -28"><span class='ocrx_word' id='word_1_108' title='bbox 197 2450 405 2548; x_wconf 84' lang='lat' dir='ltr'><strong>frequenter</strong></span> <span class='ocrx_word' id='word_1_109' title='bbox 429 2452 628 2524; x_wconf 83' lang='lat' dir='ltr'><strong>admodum</strong></span> <span class='ocrx_word' id='word_1_110' title='bbox 645 2453 823 2524; x_wconf 80' lang='lat' dir='ltr'><strong>sinistram</strong></span> <span class='ocrx_word' id='word_1_111' title='bbox 843 2475 967 2525; x_wconf 86' lang='lat' dir='ltr'><strong>versus</strong></span> <span class='ocrx_word' id='word_1_112' title='bbox 991 2451 1166 2548; x_wconf 75' lang='lat' dir='ltr'><strong>migrare,</strong></span> 
     </span>
     <span class='ocr_line' id='line_1_20' title="bbox 197 2561 1166 2671; baseline -0.002 -29"><span class='ocrx_word' id='word_1_113' title='bbox 197 2571 402 2669; x_wconf 87' lang='lat' dir='ltr'><strong>saepissime</strong></span> <span class='ocrx_word' id='word_1_114' title='bbox 443 2597 559 2670; x_wconf 86' lang='lat' dir='ltr'><strong>usqne</strong></span> <span class='ocrx_word' id='word_1_115' title='bbox 592 2587 678 2671; x_wconf 87' lang='lat' dir='ltr'><strong>post</strong></span> <span class='ocrx_word' id='word_1_116' title='bbox 715 2561 898 2644; x_wconf 78' lang='lat' dir='ltr'><strong>sinistram</strong></span> <span class='ocrx_word' id='word_1_117' title='bbox 937 2567 1166 2643; x_wconf 85' lang='lat' dir='ltr'><strong>subclaviam</strong></span> 
     </span>
     <span class='ocr_line' id='line_1_21' title="bbox 196 2677 1166 2792; baseline -0.004 -30"><span class='ocrx_word' id='word_1_118' title='bbox 196 2677 365 2792; x_wconf 70' lang='lat' dir='ltr'><strong>preferri,</strong></span> <span class='ocrx_word' id='word_1_119' title='bbox 386 2692 496 2762; x_wconf 88' lang='lat' dir='ltr'><strong>etiam</strong></span> <span class='ocrx_word' id='word_1_120' title='bbox 516 2691 716 2788; x_wconf 77' lang='lat' dir='ltr'><strong>carotidem</strong></span> <span class='ocrx_word' id='word_1_121' title='bbox 734 2691 896 2764; x_wconf 85' lang='lat' dir='ltr'><strong>dextram</strong></span> <span class='ocrx_word' id='word_1_122' title='bbox 913 2713 1020 2787; x_wconf 86' lang='lat' dir='ltr'><strong>saepe</strong></span> <span class='ocrx_word' id='word_1_123' title='bbox 1037 2713 1166 2765; x_wconf 84' lang='lat' dir='ltr'><strong>versus</strong></span> 
     </span>
     <span class='ocr_line' id='line_1_22' title="bbox 195 2807 1165 2907; baseline -0.002 -27"><span class='ocrx_word' id='word_1_124' title='bbox 195 2807 416 2882; x_wconf 85' lang='lat' dir='ltr'><strong>idemlatus</strong></span> <span class='ocrx_word' id='word_1_125' title='bbox 439 2809 588 2882; x_wconf 87' lang='lat' dir='ltr'><strong>tendere</strong></span> <span class='ocrx_word' id='word_1_126' title='bbox 613 2809 746 2907; x_wconf 75' lang='lat' dir='ltr'><strong>videri,</strong></span> <span class='ocrx_word' id='word_1_127' title='bbox 780 2809 862 2881; x_wconf 86' lang='lat' dir='ltr'><strong>fere</strong></span> <span class='ocrx_word' id='word_1_128' title='bbox 878 2832 1068 2906; x_wconf 85' lang='lat' dir='ltr'><strong>nunquam</strong></span> <span class='ocrx_word' id='word_1_129' title='bbox 1098 2831 1165 2878; x_wconf 83' lang='lat' dir='ltr'><strong>au·-</strong></span> 
     </span>
     <span class='ocr_line' id='line_1_23' title="bbox 196 2926 1166 3022; baseline -0.004 -20"><span class='ocrx_word' id='word_1_130' title='bbox 196 2942 272 3002; x_wconf 87' lang='lat' dir='ltr'><strong>tem</strong></span> <span class='ocrx_word' id='word_1_131' title='bbox 288 2929 429 3022; x_wconf 84' lang='lat' dir='ltr'><strong>laevam</strong></span> <span class='ocrx_word' id='word_1_132' title='bbox 440 2928 666 3003; x_wconf 48' lang='lat' dir='ltr'><strong>‘subclaviam</strong></span> <span class='ocrx_word' id='word_1_133' title='bbox 692 2943 730 3001; x_wconf 83' lang='lat' dir='ltr'><strong>et</strong></span> <span class='ocrx_word' id='word_1_134' title='bbox 755 2926 955 3002; x_wconf 85' lang='lat' dir='ltr'><strong>carotidem</strong></span> <span class='ocrx_word' id='word_1_135' title='bbox 971 2928 1068 2999; x_wconf 91' lang='lat' dir='ltr'><strong>iusto</strong></span> <span class='ocrx_word' id='word_1_136' title='bbox 1085 2951 1166 2999; x_wconf 90' lang='lat' dir='ltr'><strong>ma·</strong></span> 
     </span>
     <span class='ocr_line' id='line_1_24' title="bbox 103 3049 954 3147; baseline -0.001 -28"><span class='ocrx_word' id='word_1_137' title='bbox 103 3115 105 3119; x_wconf 87' lang='lat'>.</span> <span class='ocrx_word' id='word_1_138' title='bbox 197 3049 249 3144; x_wconf 85' lang='lat' dir='ltr'><strong>gis</strong></span> <span class='ocrx_word' id='word_1_139' title='bbox 273 3050 314 3120; x_wconf 83' lang='lat' dir='ltr'><strong>itr</strong></span> <span class='ocrx_word' id='word_1_140' title='bbox 287 3049 503 3122; x_wconf 79' lang='lat' dir='ltr'><strong>tdextram</strong></span> <span class='ocrx_word' id='word_1_141' title='bbox 527 3063 669 3147; x_wconf 90' lang='lat' dir='ltr'><strong>partem</strong></span> <span class='ocrx_word' id='word_1_142' title='bbox 695 3049 896 3147; x_wconf 88' lang='lat' dir='ltr'><strong>transponi.</strong></span> <span class='ocrx_word' id='word_1_143' title='bbox 952 3093 954 3102; x_wconf 82' lang='lat'><em>·</em></span> 
     </span>
    </p>

    <p class='ocr_par' dir='ltr' id='par_1_3' title="bbox 200 3163 1166 3388">
     <span class='ocr_line' id='line_1_25' title="bbox 257 3163 1166 3268; baseline -0.007 -27.906"><span class='ocrx_word' id='word_1_144' title='bbox 257 3170 410 3267; x_wconf 73' lang='grc'><strong>5149.</strong></span> <span class='ocrx_word' id='word_1_145' title='bbox 435 3167 552 3241; x_wconf 86' lang='lat' dir='ltr'><strong>Aliter</strong></span> <span class='ocrx_word' id='word_1_146' title='bbox 579 3181 830 3268; x_wconf 82' lang='lat' dir='ltr'><strong>comparatum</strong></span> <span class='ocrx_word' id='word_1_147' title='bbox 855 3180 910 3238; x_wconf 88' lang='lat' dir='ltr'><strong>est</strong></span> <span class='ocrx_word' id='word_1_148' title='bbox 940 3190 1024 3238; x_wconf 86' lang='lat' dir='ltr'><strong>eum</strong></span> <span class='ocrx_word' id='word_1_149' title='bbox 1049 3163 1166 3235; x_wconf 79' lang='lat' dir='ltr'><strong>latere</strong></span> 
     </span>
     <span class='ocr_line' id='line_1_26' title="bbox 200 3253 1166 3388; baseline -0.004 -30"><span class='ocrx_word' id='word_1_150' title='bbox 200 3253 337 3362; x_wconf 74' lang='lat' dir='ltr'><strong>dextro.</strong></span> <span class='ocrx_word' id='word_1_151' title='bbox 374 3289 517 3388; x_wconf 86' lang='lat' dir='ltr'><strong>Organa</strong></span> <span class='ocrx_word' id='word_1_152' title='bbox 558 3291 680 3388; x_wconf 78' lang='lat' dir='ltr'><strong>enim,</strong></span> <span class='ocrx_word' id='word_1_153' title='bbox 713 3293 805 3388; x_wconf 86' lang='lat' dir='ltr'><strong>quae</strong></span> <span class='ocrx_word' id='word_1_154' title='bbox 844 3254 918 3358; x_wconf 90' lang='lat' dir='ltr'><strong>ibi</strong></span> <span class='ocrx_word' id='word_1_155' title='bbox 935 3284 1166 3382; x_wconf 82' lang='lat' dir='ltr'><strong>frequentius</strong></span> 
     </span>
    </p>
   </div>
   <div class='ocr_carea' id='block_1_3' title="bbox 147 3661 1172 3850">
    <p class='ocr_par' dir='ltr' id='par_1_4' title="bbox 147 3661 1172 3850">
     <span class='ocr_line' id='line_1_27' title="bbox 147 3661 1172 3737; baseline -0.001 -19"><span class='ocrx_word' id='word_1_156' title='bbox 147 3731 153 3737; x_wconf 22' lang='grc' dir='ltr'><strong><em>μ</em></strong></span> <span class='ocrx_word' id='word_1_157' title='bbox 195 3672 241 3734; x_wconf 71' lang='lat' dir='ltr'><strong>(r)</strong></span> <span class='ocrx_word' id='word_1_158' title='bbox 259 3668 321 3720; x_wconf 72' lang='lat' dir='ltr'><strong>Ram</strong></span> <span class='ocrx_word' id='word_1_159' title='bbox 339 3687 364 3722; x_wconf 85' lang='lat' dir='ltr'><strong>u.</strong></span> <span class='ocrx_word' id='word_1_160' title='bbox 382 3668 547 3722; x_wconf 69' lang='lat' dir='ltr'><strong>Arruntem</strong></span> <span class='ocrx_word' id='word_1_161' title='bbox 563 3667 642 3721; x_wconf 67' lang='lat' dir='ltr'><strong>Aret.</strong></span> <span class='ocrx_word' id='word_1_162' title='bbox 650 3668 682 3734; x_wconf 73' lang='lat' dir='ltr'><em>fi</em></span> <span class='ocrx_word' id='word_1_163' title='bbox 697 3666 723 3720; x_wconf 81' lang='lat' dir='ltr'><strong>d.</strong></span> <span class='ocrx_word' id='word_1_164' title='bbox 741 3665 855 3732; x_wconf 72' lang='lat' dir='ltr'><strong>Physiot</strong></span> <span class='ocrx_word' id='word_1_165' title='bbox 872 3666 901 3717; x_wconf 86' lang='lat' dir='ltr'><strong>B.</strong></span> <span class='ocrx_word' id='word_1_166' title='bbox 919 3662 979 3717; x_wconf 84' lang='lat' dir='ltr'><strong>vlt.</strong></span> <span class='ocrx_word' id='word_1_167' title='bbox 990 3661 1024 3716; x_wconf 84' lang='lat' dir='ltr'><strong>H.</strong></span> <span class='ocrx_word' id='word_1_168' title='bbox 1038 3679 1100 3736; x_wconf 69' lang='lat' dir='ltr'><strong>hp.</strong></span> <span class='ocrx_word' id='word_1_169' title='bbox 1114 3665 1172 3720; x_wconf 75' lang='lat'><strong>152.</strong></span> 
     </span>
     <span class='ocr_line' id='line_1_28' title="bbox 217 3752 1078 3850; baseline -0.005 -40"><span class='ocrx_word' id='word_1_170' title='bbox 217 3827 220 3834; x_wconf 67' lang='lat'>,</span> <span class='ocrx_word' id='word_1_171' title='bbox 257 3785 292 3800; x_wconf 87' lang='lat'>-</span> <span class='ocrx_word' id='word_1_172' title='bbox 309 3757 348 3810; x_wconf 86' lang='lat' dir='ltr'><strong>Cf.</strong></span> <span class='ocrx_word' id='word_1_173' title='bbox 366 3758 474 3812; x_wconf 73' lang='grc' dir='ltr'><strong>Μιωι.</strong></span> <span class='ocrx_word' id='word_1_174' title='bbox 489 3757 623 3827; x_wconf 60' lang='lat' dir='ltr'><strong>padoloffi</strong></span> <span class='ocrx_word' id='word_1_175' title='bbox 639 3759 718 3812; x_wconf 77' lang='lat' dir='ltr'><strong>Arrat</strong></span> <span class='ocrx_word' id='word_1_176' title='bbox 736 3755 765 3810; x_wconf 84' lang='lat' dir='ltr'><strong>B.</strong></span> <span class='ocrx_word' id='word_1_177' title='bbox 783 3755 817 3810; x_wconf 87' lang='lat'><strong>11.</strong></span> <span class='ocrx_word' id='word_1_178' title='bbox 834 3753 913 3850; x_wconf 68' lang='lat' dir='ltr'><strong>Adria</strong></span> <span class='ocrx_word' id='word_1_179' title='bbox 931 3752 953 3810; x_wconf 87' lang='lat'><strong>1.</strong></span> <span class='ocrx_word' id='word_1_180' title='bbox 970 3769 999 3824; x_wconf 84' lang='lat' dir='ltr'><strong>p.</strong></span> <span class='ocrx_word' id='word_1_181' title='bbox 1019 3767 1078 3810; x_wconf 80' lang='lat' dir='ltr'><strong>rm.</strong></span> 
     </span>
    </p>
   </div>
   <div class='ocr_carea' id='block_1_4' title="bbox 0 0 1298 4480">
    <p class='ocr_par' dir='ltr' id='par_1_5' title="bbox 0 0 1298 4480">
     <span class='ocr_line' id='line_1_29' title="bbox 0 0 1298 4480; baseline 0 1"><span class='ocrx_word' id='word_1_182' title='bbox 0 0 1298 4480; x_wconf 95' lang='lat' dir='ltr'><strong> </strong></span> 
     </span>
    </p>
   </div>
  </div>
 </body>
</html>
