2586 4480
943 319 1011 368 211

91 443 151 519 ‘pro
184 421 412 520 paucioribus
459 419 563 519 plura
608 431 744 518 puncta
790 416 1041 490 ossificationis

92 554 282 638 emergant,
305 567 388 616 vere
413 536 605 612 tribuenda
628 563 724 634 esse,
740 562 784 609 ex
800 561 843 609 eo
860 533 1052 636 intelligo„

93 659 182 757 quod
205 674 242 734 et
263 659 435 736 normalis
452 659 541 732 ossis
557 655 754 754 bregr‘natis
770 655 930 732 evolutio
948 653 1056 730 nibil*

90 779 137 854 illi
159 782 324 858 divisioni
348 779 464 856 simile
490 777 670 875 exhibeat,
696 793 733 850 et
757 780 797 850 in
823 777 955 850 craniis
972 776 1044 850 illis

91 901 341 1000 ossismorum,
379 925 471 1001 quae
502 901 543 974 in
576 887 700 972 sutura
731 897 972 997 sagittuli'vel
996 890 1045 972 ad

91 1021 251 1120 angulum
284 1020 533 1096 lamboide'um
565 1019 755 1117 adessent,
794 1019 911 1094 maior
948 1029 1044 1092 esset

89 1142 222 1216 sinistra
238 1168 341 1244 pars,
358 1143 480 1216 minor
493 1141 627 1216 dextri.
639 1179 691 1198 -·
704 1139 896 1239 Oxygenes
911 1137 1044 1212 deinde

88 1261 122 1334 in
137 1264 278 1338 sinistro
303 1263 415 1338 latere
433 1261 573 1337 facilius
590 1263 719 1335 ceteris
735 1259 924 1334 elementis
943 1284 1046 1360 prae·

86 1382 284 1482 ponderans
301 1382 426 1458 subest
450 1383 602 1458 forsitan
619 1383 729 1456 etiam
747 1367 920 1456 crebriori
946 1379 1045 1462 oculi

70 1503 212 1578 'sinistri
229 1517 449 1600 cataractae3
465 1516 503 1576 et
519 1504 736 1602 oxygenatio
752 1501 857 1575 lactis
873 1502 914 1574 in
931 1525 1047 1572 mam-

85 1645 139 1696 ma
166 1626 312 1698 sinistra
345 1615 484 1722 maior,
518 1645 590 1721 qua
623 1620 826 1719 coagulatio
850 1619 905 1694 ibi
929 1622 1044 1719 magis

85 1765 193 1842 prona
218 1746 280 1843 fit,
302 1746 398 1818 inter
414 1767 539 1816 causas
559 1742 682 1815 fo‘rsan
707 1755 762 1814 est
787 1741 1044 1839 frequentioris
1152 1764 1155 1770 ·

84 1863 240 1938 eiusdem
275 1889 455 1938 mammae
490 1861 611 1936 morbi
644 1860 822 1935 habenda.
857 1861 1045 1952 Quatenus

84 2008 163 2060 vero
189 1986 289 2058 idem
314 1982 411 2056 illius
443 1984 670 2084 principatus
704 1979 813 2056 facile
836 1979 1045 2060 evocandus

84 2103 127 2177 ad
141 2117 349 2207 empyema,
375 2101 423 2177 ad
447 2105 543 2178 renis
560 2101 887 2176 inflammationem
906 2115 943 2174 et
963 2124 1046 2199 sup·

83 2227 309 2322 purationem
334 2249 467 2324 eosque
489 2249 668 2296 memmae
686 2223 851 2320 affectus,
878 2223 941 2321 qui
967 2245 1047 2293 non

82 2340 215 2421 elacte
242 2343 432 2444 coagulato
457 2357 598 2418 meatus
626 2323 837 2417 obstruente
862 2341 1043 2442 pendent,

80 2489 101 2540 a
115 2467 260 2540 sinistra
277 2465 501 2565 frequentius
520 2464 731 2538 excitandos
748 2463 858 2536 faciat
866 2517 877 2561 7
894 2461 1044 2536 delinire

82 2609 154 2659 non
180 2587 308 2658 ausim.
333 2587 477 2661 Revooo
503 2595 662 2683 tantum,
688 2583 789 2684 quod
813 2585 887 2655 iam
911 2580 1040 2678 attuli,

79 2727 213 2804 organa
238 2705 302 2779 illa
326 2705 551 2780 sesementia
576 2706 717 2806 saepius
744 2703 860 2801 dicia,
887 2697 1045 2809 quorum
1108 2731 1112 2738 ·

79 2825 116 2898 in
141 2827 335 2900 functione
349 2825 553 2927 peragendo
570 2823 629 2900 vel
654 2839 808 2924 utraque
831 2847 945 2922 aquae
970 2821 1053 2895 fors·

78 2943 135 3020 ma
151 2944 213 3022 vel
227 2949 393 3045 negativa
410 2947 589 3046 imprimis
604 2970 691 3046 prae
710 2944 838 3018 ceteris
857 2941 1047 3022 elementis

79 3066 237 3164 excellit,
261 3067 302 3139 in
325 3047 438 3139 latere
463 3066 609 3138 sinistro
634 3062 873 3164 probabiliter
897 3062 938 3134 in
962 3062 1045 3132 uni·

77 3201 221 3260 versum
233 3188 349 3283 magis
365 3199 560 3292 praestare,
586 3209 710 3284 coque
727 3186 808 3284 ipso
826 3181 874 3256 ad
896 3180 1044 3254 morbus

77 3305 115 3378 in
140 3331 182 3378 ea
207 3321 309 3404 parte
326 3306 542 3407 procliviora
568 3305 682 3378 reddi.
700 3345 751 3362 -·
768 3304 939 3379 Ceterum
956 3327 1047 3402 oxy·
1104 3317 1106 3320 ’

76 3450 184 3522 genes
210 3424 295 3498 huic
320 3427 498 3526 imprimis
515 3423 733 3524 respondere
750 3422 854 3496 lateri
871 3447 915 3494 eo
933 3424 1062 3512 ,etiam

73 3541 265 3650 doeemur,
291 3544 410 3645 quod,
436 3543 499 3616 uhi
524 3535 684 3643 partium
707 3544 868 3642 corporis
887 3539 1042 3640 disposi-

77 3663 128 3736 tio
155 3688 176 3750 a
201 3665 422 3764 symmetria,
444 3663 640 3759 abscedat,
672 3665 786 3761 magis
818 3674 1039 3761 oxygcrratae

77 3807 220 3887 semper
250 3783 392 3862 laevam
423 3808 546 3861 versus
579 3785 822 3883 migraverint.
848 3783 918 3873 Est
942 3781 1041 3872 enipi·
