2586 4480
980 320 1059 420 '237

117 445 337 547 quibuscum
362 429 596 530 conferantur
619 438 646 512 ii
673 450 795 536 casus,
814 437 884 513 ubi
909 463 1083 541 suppura-

116 569 172 639 tio
206 553 419 664 oorporibal
453 560 615 638 externis.
641 555 871 634 laedentibus
900 560 1080 659 producta

116 701 172 758 est
198 690 258 779 (1).
284 681 393 756 ΠΗ.
419 679 474 754 P:
493 680 671 784 Fruamur
687 684 753 774 ·(2)
787 692 909 754 autem
934 681 980 760 de
1010 682 1086 758 hoo·

116 808 217 884 exitu
242 828 350 903 agens
376 826 453 876 non
478 797 598 888 solum
615 798 916 877 observationem
941 802 987 876 ab
1012 807 1083 878 exi·

113 927 194 1000 mio
221 925 266 996 de
291 919 429 1016 morbis
453 945 624 998 vasorum
639 919 949 1022 lymphatioorum
972 924 1084 1022 scrip

116 1060 221 1142 tore,
247 1041 301 1116 Cl.
318 1044 507 1118 Assaramo
524 1039 573 1133 (3)
590 1038 742 1114 relatam
757 1057 952 1140 memorat,
963 1067 1084 1142 quum
1108 1043 1111 1050 ’

115 1163 314 1255 mulierum
328 1165 477 1237 inter-ee
492 1162 689 1236 rixantium
706 1161 798 1235 alter
813 1162 974 1260 alterius,
990 1140 1099 1262 quaex

117 1279 427 1385 thyreophymate
440 1267 660 1384 praemaguo
673 1281 876 1381 laborabat,
888 1283 995 1356 tuber
1007 1297 1083 1382 gut·

114 1419 282 1479 turosum
308 1418 451 1505 arrepto
476 1429 565 1477 veru
589 1403 786 1478 transfodit
793 1431 807 1502 ,·
829 1402 928 1478 unde
952 1428 1083 1504 magna

113 1523 356 1599 inflammatio
363 1578 375 1622 ,
399 1538 560 1598 extremo
578 1525 793 1625 suppuratio
816 1524 1007 1598 abundans
1032 1551 1084 1596 se·

115 1659 202 1718 outa
228 1659 265 1717 et
289 1642 561 1745 thyreophyma
581 1643 688 1745 hujus
712 1668 783 1744 ope
796 1667 955 1745 ¹prorsus,
982 1669 1082 1716 sana-

115 1778 197 1836 tum
222 1778 276 1837 est
288 1791 298 1862 3
322 1767 412 1838 item
437 1764 562 1864 aliam,
589 1762 871 1866 quumlmulieri
887 1763 1082 1866 quadrage-

117 1889 260 1982 nariae,
286 1884 476 1984 cynanche
503 1885 679 1960 tonsiliari
703 1883 902 1981 laboranti,
928 1883 1082 1958 antehac

116 2003 306 2106 dyspnoea
331 2003 514 2104 adfectae,
535 2021 620 2078 ante
636 2021 780 2107 tempus
805 2004 955 2106 aliquod
982 2003 1082 2102 glan·

117 2109 204 2197 dula
229 2124 442 2232 thyreoidea
456 2162 473 2218 ‚=
493 2139 534 2198 ut
560 2128 708 2200 cicatrix
729 2125 861 2224 ampla
887 2151 972 2199 oum
997 2122 1080 2198 reli·
1190 2209 1193 2216 .

115 2271 190 2345 quo
214 2261 355 2321 tumore
372 2247 468 2322 hanc
484 2250 602 2348 ipsam
620 2248 667 2321 ad
683 2247 890 2346 glandulam
908 2246 1080 2344 docebam

115 2389 161 2436 ex
185 2381 287 2463 parte
312 2379 507 2467 suppurata
530 2368 626 2465 suita
643 2367 707 2441 sed
732 2381 768 2441 et
794 2393 918 2442 casum
943 2367 1081 2443 notabi-

113 2481 211 2579 lem,
241 2509 350 2584 quem
382 2488 461 2584 ipse
490 2511 680 2587 perpessus
713 2501 791 2583 est,
827 2487 926 2558 hisce
961 2486 1080 2560 verbis

115 2601 322 2703 descripsit:
348 2637 366 2670 n
397 2603 471 2678 Nos
496 2605 583 2703 ipsi,
603 2619 744 2678 sextum
762 2606 857 2678 inter
873 2607 1080 2704 septimum·

113 2756 131 2789 n
166 2747 236 2822 que
262 2725 389 2808 aetatis
414 2738 559 2798 nostrae
585 2749 745 2822 annum,
770 2722 1078 2824 thyreophymate

113 2876 131 2908 a
164 2857 275 2916 acuto
290 2842 544 2918 laboravimus.
561 2844 672 2918 Brevi
690 2842 827 2917 scilieet
844 2857 1025 2942 tempore,
1038 2845 1079 2914 in

112 2995 131 3034 a
165 2977 344 3062 quantum
369 2963 619 3062 recordamur,
647 2978 769 3038 tumor
794 2963 855 3036 hic
882 2963 929 3035 ad
955 2975 1076 3060 guttur

481 3304 740 3331 m

108 3465 158 3526 (i)
175 3459 239 3513 Vid.
256 3460 364 3514 Vraroo
381 3459 484 3516 Pauor.
504 3459 541 3514 de
554 3460 675 3530 Chirurg.
693 3461 728 3514 T.·
742 3461 777 3514 11.
795 3479 821 3531 p.
835 3461 945 3531 309·10‚
957 3463 1072 3516 dedatur

173 3547 247 3600 Επεὶ
263 3547 333 3601 med.
352 3565 398 3600 aur
414 3547 454 3603 lea
471 3549 609 3614 raiaaeaux
625 3547 866 3620 lymphatiqueep.
883 3549 925 3602 68.

117 3640 156 3700 (2)
175 3634 204 3686 L.
223 3654 245 3688 c.
264 3653 289 3706 p.
308 3636 397 3689 81-82.
494 3653 523 3716 ἰ
859 3621 863 3630 .
901 3685 904 3690 .

116 3723 157 3787 (3)
175 3721 247 3775 Essai
264 3722 376 3776 medical
393 3741 440 3780 aur
456 3724 494 3780 les
516 3725 653 3782 vaiaeaux
673 3724 869 3802 lymphatiquer
886 3731 937 3780 ete.
955 3725 971 3780 'a
987 3721 1073 3778 Tutin

177 3810 249 3881 1782.
268 3809 292 3865 8.
310 3827 336 3881 p.
354 3811 396 3866 68.
