2586 4480
611 373 615 390 ,
956 298 1022 374 ι83

103 427 298 529 dynamium
320 427 441 528 potius
466 451 543 506 esse
568 442 682 528 quam'
702 421 859 526 physico
884 434 947 495 aut
971 445 1048 494 rne-
1118 429 1120 434 '

33 625 35 629 ,
63 642 64 645 ¹
102 547 252 624 chanioo
265 548 377 624 modo
403 547 836 650 exponendas„oonstat:
863 543 965 618 nervi
990 567 1051 616 au-

101 684 188 769 tem,
209 673 262 746 vis
297 669 416 746 vitalis
451 669 715 766 conductores,
748 666 904 740 cuiusvis
940 665 1052 764 partis

99 792 292 868 imitationi
315 790 552 866 moderantur
577 803 614 866 ot
640 788 878 889 dynamicum
899 781 1058 881 singula-¹

101 936 174 986 rum
193 939 281 988 oum
305 911 445 1012 reliquo
472 935 625 1013 corpore
651 933 857 984 connexum
882 904 1053 979 efficiunt.

165 1039 190 1123 5.
221 1033 300 1108 133.
326 1032 599 1134 Nonnunquam
624 1029 737 1104 alium
761 1029 907 1102 alterius
932 1026 1055 1100 lateris

101 1151 259 1232 affectum
283 1153 375 1228 alius
400 1156 535 1255 excipit
558 1151 621 1228 alii
645 1177 731 1252 mor
754 1152 888 1226 iterum
905 1147 1056 1243 cedens,

98 1273 183 1371 ¹adeo
206 1289 249 1348 ut
272 1301 339 1376 per
365 1275 515 1376 aliquod
540 1287 683 1375 tempus
699 1273 881 1348 variarum
897 1273 1057 1372 partium
1086 1329 1091 1336 .

100 1394 350 1472 alternantium
388 1397 583 1473 affectuum
615 1395 698 1496 plus
732 1397 908 1470 'minusve
948 1393 1058 1493 longa
1150 1493 1154 1500 Δ
1274 1399 1275 1406 ’

61 1603 63 1608 ,
100 1518 180 1590 serie
205 1517 367 1594 alterum·
385 1517 504 1594 solum
528 1518 622 1593 latus
656 1501 908 1614 conflictatur,
943 1514 1057 1588 altero

18 1739 20 1744 Ι
99 1634 217 1716 localis
256 1640 387 1716 saltem
427 1639 547 1716 morbi
592 1637 652 1715 vel
675 1639 845 1713 'omnino
885 1663 963 1712 non
1000 1636 1059 1712 rel

101 1783 219 1856 parurn
239 1761 492 1861 participante.
512 1759 926 1859 Cuiusmodiegregium
942 1781 1060 1833 exem·

100 1877 216 1979 plum,
243 1880 310 1954 ubi
336 1882 522 1956 sinistrum
553 1881 647 1956 latus
679 1880 912 1980 aegrotabat,
943 1903 1062 1980 nuper

99 1999 156 2072 Fn.
182 2001 364 2076 Osnrtorn
388 2003 439 2100 (1)
466 2001 862 2100 divulgavit—Hisce
879 2027 902 2076 a
918 1999 1061 2078 casibus
1143 2032 1147 2038 ·

99 2124 254 2217 proxime
281 2121 336 2196 illi
362 2121 518 2220 distant,
547 2121 611 2196 nbi
642 2122 764 2224 plures
796 2123 905 2211 unius
937 2120 1061 2196 lateris

29 2255 31 2260 ’
100 2255 215 2352 partes
239 2242 372 2318 eodem
396 2241 548 2341 morbo,
571 2246 713 2319 variam
733 2270 802 2345 pro
827 2247 926 2319 varia
959 2257 1062 2344 parte

83 2361 251 2436 turmam
284 2362 483 2461 induente,
519 2363 629 2438 simul
666 2363 818 2438 afflictae
849 2379 945 2443 sunt.
978 2366 1065 2457 Quo
1149 2425 1153 2432 .

100 2497 323 2582 spectantem
348 2484 516 2557 eximiam
547 2484 841 2560 'observationem
873 2486 1065 2559 Counnnr·

101 2626 158 2677 no
185 2604 236 2700 (2)
264 2588 439 2678 debemus
464 2631 593 2704 quam,
619 2607 709 2706 quin
734 2606 928 2707 apponam,
947 2609 1065 2680 conti-

67 2797 70 2804 .
99 2744 184 2802 uere
208 2748 372 2798 menon
407 2751 566 2825 possum.
600 2725 794 2800 Consuluit
824 2739 948 2799 autem
981 2749 1073 2798 eum-

99 2843 152 2917 rir
176 2844 349 2946 quidam,
375 2849 453 2946 oui,
479 2848 621 2948 quoties
638 2847 811 2923 humidus
828 2862 865 2920 et
882 2861 1064 2922 crustosus
1194 2904 1206 2910 ,-

101 2959 227 3066 herpes
251 2967 382 3069 capitis
408 2969 592 3042 sinistram
621 2982 763 3069 partem
796 2967 968 3044 obsidens
1002 2967 1066 3040 de-

100 3095 313 3184 tergeretur,
338 3075 500 3162 sorotum
522 3091 718 3164 sinistrum
747 3089 899 3192 herpete
931 3090 1065 3188 gravis-

100 3205 186 3279 oime
204 3207 374 3280 affectum
387 3222 452 3308 est,
468 3212 569 3284 testis
586 3209 1066 3312 glandulaequeinguinaies

99 3326 176 3402 eius
208 3325 332 3402 lateris
368 3330 643 3404 intumuerunt:
678 3330 827 3432 herpete
870 3332 917 3408 ad
955 3348 1067 3434 caput

425 3583 753 3614 -n--b-—m-

108 3755 146 3832 (ι)
163 3752 193 3806 L.
211 3771 233 3806 e.

110 3839 338 3914 mhapss
