2594 4474
987 289 1031 380 dr

103 399 117 473 'n
147 429 193 514 eu
208 401 376 480 foiblesse
393 415 431 478 et
447 395 673 508 quelquefois
690 427 745 478 en
756 427 930 505 syncope.
955 405 1062 481 Lors·

103 559 119 591 »
149 551 217 626 que
243 521 344 599 dans'
361 539 420 599 cet
444 523 518 598 e'tut
534 551 583 600 ou
601 523 764 598 s'avisoit
781 522 827 596 de
851 522 887 597 la
912 527 1064 626 picq‘uer

100 680 115 714 n
145 671 237 746 pour
261 645 297 718 la
323 647 413 720 faire
437 648 596 744 revenir‚
623 671 671 719 ou
694 644 740 718 de
757 644 809 716 lui
836 644 924 718 faire
950 650 1064 721 sentir

99 800 116 832 a
144 747 298 866 quelque
325 765 440 842 odeur
464 780 618 867 puante,
642 765 711 838 elle
737 763 909 838 devenoit
935 766 1065 840 catale-

97 919 113 950 ι
149 888 275 986 ptique
289 905 310 984 ‚³
325 888 415 960 mais
440 913 535 987 pour
559 885 582 957 l'
597 885 778 959 ordinaire
805 883 851 957 de
876 884 911 957 la
936 885 1063 959 moitiei

98 1037 113 1071 a
143 1006 192 1080 du
218 1031 329 1107 corps
353 1007 562 1080 seulement
589 1006 649 1080 On
675 999 729 1077 l’a
754 1004 825 1078 voe
850 1002 945 1079 aus'si
972 1020 1064 1078 tom·

96 1157 113 1190 n
143 1124 208 1198 ber
226 1123 337 1226 d'elle
353 1125 471 1198 rueme
487 1123 577 1197 dans
596 1137 689 1198 cette
708 1123 827 1196 demie
851 1123 1061 1222 catalepsie,

96 1278 114 1338 a¹
144 1247 207 1345 qui
235 1241 326 1319 etoit
350 1244 431 1345 plus
457 1269 504 1319 ou
531 1246 650 1318 moins
673 1243 839 1345 parsaite.
856 1274 874 1308 a
897 1241 1063 1324 Praeter·

96 1389 134 1437 ea
160 1364 207 1437 de
231 1363 382 1439 'affectus
407 1380 537 1441 natura
570 1365 623 1438 nil
649 1365 839 1461 adiicitur,
864 1364 935 1436 nisi
961 1363 1064 1463 quod

93 1499 217 1584 postea
242 1487 437 1585 paroxismi
453 1487 493 1557 in
510 1483 737 1586 apoplexiam
755 1483 807 1577 (i)
834 1485 1062 1581 transierint,

96 1607 197 1680 cuius
223 1606 363 1705 primus
386 1606 540 1678 insultus
565 1632 631 1706 per
656 1620 728 1680 tres
753 1618 850 1680 totos
875 1604 952 1678 dies
978 1629 1064 1704 pro-

94 1737 232 1799 tractus
256 1726 318 1800 sit.
352 1726 448 1799 Tota
481 1725 572 1799 haec
596 1726 767 1824 historia,
794 1738 977 1821 autorem,
1004 1725 1064 1796 cui

92 1843 140 1918 ob
168 1843 239 1918 alia
270 1846 382 1918 etiam
409 1872 611 1952 perparum
641 1871 661 1918 a
687 1845 839 1920 medicis
873 1843 1061 1941 tribuitur,

93 1963 302 2038 nullatenus
327 1979 495 2039 accurate
530 1965 738 2042 observasse
770 1963 931 2038 ostendit
959 1962 1071 2035 lucu·-

90 2084 225 2183 lenter,
251 2110 319 2159 nec
344 2086 384 2158 in
401 2085 626 2185 excerpenda
642 2111 684 2158 ea
700 2099 776 2159 tam
792 2081 893 2158 susus
918 2083 1064 2188 fuerim,

91 2206 131 2278 ni
156 2206 274 2305 possit
308 2204 404 2303 fore,
428 2220 471 2279 ut
495 2206 706 2305 Swrnrrrur,
732 2207 795 2308 qui
824 2205 951 2305 paucis
984 2227 1065 2276 eam

90 2325 262 2423 attingit,
298 2327 512 2399 auctoritate
549 2325 601 2400 ad¹
630 2322 883 2426 accipiendam
919 2321 1063 2406 dimidii

90 2444 255 2544 corporis
273 2453 416 2516 ceream
429 2443 693 2520 flexibilitatem
711 2443 841 2545 aliquis
859 2441 1063 2516 seducatur.

138 2567 192 2654 '§.
228 2565 286 2638 28.
320 2565 409 2636 Post
441 2567 775 2654 Merrnurretiam
805 2563 981 2637 Wrsruus
1011 2565 1063 2652 t.)

90 2679 293 2784 catalepsin
319 2681 463 2756 dimidii
489 2687 652 2785 corporis
676 2711 715 2758 se
745 2682 955 2758 observasse
987 2681 1065 2779 opi·

89 2811 210 2878 natur.
243 2801 382 2876 Verum
416 2802 531 2877 dextri
563 2805 686 2878 lateris
719 2802 958 2879 anaesthesia'
977 2821 1063 2872 cum

88 2920 341 2998 musculonrm
366 2926 525 3023 spastioo
549 2927 668 3024 rigore
684 2933 732 2999 'et
755 2931 928 2998 sensuum'
959 2942 1069 2992 men·-

88 3045 222 3144 tisque‘
235 3044 439 3144 intersaepta
460 3047 604 3120 actione
628 3048 701 3148 ipsi
725 3044 918 3146 imposuit:
943 3042 1067 3114 incur-

88 3177 176 3237 vata
200 3165 302 3236 e'nim
326 3163 491 3238 membra
517 3180 639 3266 erant,
666 3175 823 3266 quorum
856 3187 982 3238 sensus
1006 3159 1079 3231 in·v

89 3284 262 3380 teriones
282 3277 319 3376 et
343 3281 534 3383 paululum
542 3285 767 3384 immobilia,
784 3310 827 3358 ao
853 3283 962 3356 tertio
977 3276 1073 3373 uie..

394 3525 760 3574 Ἢ
856 3542 862 3556 ,

93 3716 135 3779 (ι)
147 3707 193 3763 Ei.
212 3708 324 3764 Obserr.
341 3701 412 3760 med.
429 3705 504 3758 ruo.
523 3704 543 3758 1.
565 3707 637 3776 1764.
655 3726 680 3779 p.
700 3669 741 3765 oo.
759 3727 817 3782 sqq.
835 3708 912 3764 Unde
929 3702 1062 3773 descripta

151 3797 219 3852 hae'o
237 3794 387 3851 observatio
404 3788 504 3862 legitur
520 3793 610 3849 iu'Du
628 3795 677 3851 Pur
695 3797 757 3853 dire.
775 3799 821 3854 cit
840 3816 867 3870 p.
888 3797 944 3851 12⁵.
955 3819 990 3834 -

107 3927 112 3930 ·
219 3900 471 3964 arunt-vol.
488 3901 509 3954 1.
920 3905 936 3959 3
