2614 4476
257 237 326 310 ιι8

223 377 254 450 si
277 372 508 476 pustularum
532 373 669 450 insulas
694 389 845 476 propter
859 399 1030 452 vasorum
1048 393 1193 456 anasto-
1300 477 1301 480 Ἴ

119 595 121 598 ¹
221 520 342 584 moses
381 489 518 571 lineam
543 495 664 570 albem
689 511 727 570 ct
756 501 902 596 spinam
940 495 1040 570 dorsi
1064 501 1205 598 paucis

223 615 330 692 lineis
363 641 445 690 raro
482 632 694 718 superantes
729 618 886 716 excipis,
919 641 1111 718 nunquam
1149 619 1194 693 ab
1300 609 1301 646 ³

195 829 200 834 .
221 735 339 810 altero
366 737 528 836 corporis
553 735 665 811 latere
700 739 740 812 in
765 736 919 824 alterum
950 740 1195 838 transmigrat.

208 844 374 934 ‘Dolores
406 856 462 929 illi
492 871 635 930 tautum
661 883 737 930 non
763 855 905 956 semper
929 882 1046 930 unum
1078 859 1194 933 modo

132 1036 135 1048 .
220 974 318 1050 latus
340 975 523 1050 afficiunt:
552 979 602 1049 ita
628 991 821 1074 eteostcr,
846 1003 890 1050 eo
916 991 1039 1050 tamen
1068 977 1196 1052 discri-

222 1097 344 1193 mine,
368 1110 409 1169 ut
433 1095 487 1168 illi
512 1097 698 1170 interdum
722 1095 830 1169 simul
855 1109 892 1168 et
917 1096 1072 1170 alterum
1097 1097 1194 1172 latus

222 1215 339 1290 levius
365 1215 540 1314 affligant,
551 1216 627 1289 lric
654 1217 729 1290 fere
749 1241 938 1317 nunquam
963 1216 1009 1290 ab
1035 1229 1194 1320 utroque

219 1333 335 1410 latere
361 1335 470 1410 simul
501 1350 693 1437 erumpat,
727 1339 828 1411 cuius
860 1338 914 1410 rei
947 1360 1054 1410 causa
1080 1339 1123 1412 in
1149 1365 1193 1414 eo
1300 1377 1301 1380 ¹

223 1454 347 1530 forsan
371 1457 491 1555 posita
507 1470 578 1554 est,
604 1457 704 1556 quod
736 1457 870 1556 partim
896 1481 987 1539 zona
1014 1471 1194 1558 tanquam

224 1576 525 1666 acutusflmorbus
549 1576 652 1650 brevi
678 1591 841 1675 tempore
867 1574 1085 1673 absolvitur,
1112 1602 1194 1677 par·

224 1697 292 1768 tim
323 1694 439 1770 levior
472 1722 669 1772 nervorum
698 1697 737 1768 in
774 1695 884 1780 altera
894 1710 1011 1794 parte
1038 1696 1192 1770 affectus

190 1819 192 1822 ’
224 1840 270 1890 eo
287 1818 380 1890 ciere
398 1842 569 1910 vasorum
586 1819 769 1890 actionem
786 1842 862 1891 non
880 1814 993 1915 valet,
1018 1831 1060 1889 ut
1087 1840 1194 1889 exan-

225 1935 350 2016 thema
374 1911 583 2010 efflorescat.

222 2061 323 2146 §-
344 2057 403 2148 84.
429 2058 485 2130 Ex
501 2056 636 2130 iisdem
653 2059 792 2154 magnis
808 2054 987 2155 partibus,
1005 2079 1096 2154 quas
1115 2081 1195 2129 ner·

164 2225 168 2230 ·
223 2177 261 2248 vi
286 2177 328 2248 in
353 2199 444 2253 zona
460 2191 614 2275 agunt,
618 2176 707 2249 aliae
734 2176 923 2276 quiaedam
938 2164 1197 2274 dispositionis
1283 2165 1301 2243 ,¹

223 2297 300 2372 eius
325 2297 564 2394 proprietates
590 2296 723 2370 haud
714 2322 911 2394 incongrue
938 2293 1191 2396 explicantur,

223 2439 312 2514 quo,
339 2438 469 2488 nervos
487 2441 581 2512 esse,
609 2420 672 2516 qui
696 2418 736 2488 in
761 2441 914 2515 corpore
932 2414 1088 2488 dimidio
1114 2430 1192 2493 tam

222 2545 432 2609 constanter
449 2539 679 2636 eruptionem
701 2549 907 2634 coerceant,
933 2534 1039 2613 valde
1056 2539 1193 2610 confir-

223 2668 353 2738 matur.
387 2656 537 2746 Minime
570 2659 669 2730 enim
701 2659 740 2729 in
773 2655 887 2732 dubio
918 2657 1081 2754 positum
1111 2671 1189 2754 est,

194 2775 196 2780 ’
224 2799 352 2856 eorum
369 2777 563 2876 viscerum,
579 2777 713 2877 quibus
729 2791 873 2877 praeter
885 2790 1012 2848 cutem
1029 2775 1190 2854 officium
1300 2843 1301 2852 ,

222 2906 279 2966 est
304 2919 456 2995 corpore
474 2897 655 2971 educendi
680 2922 868 2998 processus
886 2894 1004 2970 vitalis
1025 2895 1190 2995 residua,

223 3012 348 3110 velutin
367 3015 540 3118 hepatis,
577 3017 714 3117 lienis,
751 3042 905 3115 renum,
944 3015 1189 3153 pulmonum,

223 3133 390 3210 turbatae
403 3139 539 3211 actioni
555 3163 725 3237 magnam
737 3139 941 3239 potentiam
955 3162 1032 3215 csse
1048 3138 1090 3210 in
1106 3161 1190 3238 pro·
1300 3133 1301 3152 ³

222 3255 408 3330 vocandos
449 3258 598 3333 morbos
635 3274 817 3334 cutaneos.
855 3259 900 3332 In
933 3283 1025 3332 sorra
1060 3272 1184 3392 autem

222 3380 435 3476 praesertim
460 3381 640 3452 viscerum
656 3382 744 3454 vitia
762 3405 872 3480 quam
893 3375 1050 3452 maxime
1076 3379 1186 3478 respi-

223 3495 354 3569 cienda
379 3523 455 3572 esse
474 3523 518 3572 eo
537 3501 808 3597 convincimur,
835 3498 936 3598 quod
960 3523 1037 3572 non
1061 3499 1183 3572 iunior

224 3630 321 3690 aetas
330 3672 341 3715 ,
357 3643 427 3718 qua
445 3622 623 3718 vegetatio
639 3622 794 3694 maxime
811 3617 935 3718 floret,
953 3620 986 3690 ei
1003 3619 1182 3718 imprimis

224 3736 381 3814 obnoxia
398 3755 469 3839 est,
485 3741 551 3816 sed
566 3737 804 3845 provectioris
823 3741 949 3814 aetatis
965 3739 1178 3842 plerumque
