2586 4480
231 299 311 370 228

210 418 332 516 potius
358 417 594 516 crediderim,
620 435 777 492 strumae
793 421 1090 515 eastummutoriae
1105 447 1169 497 no·

208 561 295 609 men
320 537 368 610 ad
392 563 472 612 eam
484 539 688 636 glandulae
711 533 944 639 thyreoideae
969 541 1172 616 inflamma·
1284 598 1285 648 ,

204 657 348 730 moriem
386 658 676 732 transferendum
717 685 794 734 esse
807 707 835 758 ,a
858 685 969 762 quam
984 703 987 712 ,
1001 687 1173 736 nonnun·
1284 747 1285 756 ἵ

210 801 321 874 quam
346 779 394 852 ad
419 795 594 854 strumam
619 781 790 856 accedere
819 781 996 855 videmus.
1022 783 1079 856 De
1105 781 1173 855 hae
1284 869 1285 882 χ

210 925 314 996 vero,
341 926 450 999 quam
475 903 515 974 in
541 901 789 1000 designatione
808 903 990 975 variarum
1015 917 1174 976 strumae

209 1023 412 1120 specierum
436 1021 677 1095 thrnnnun
702 1022 817 1122 plane·
832 1021 1028 1121 neglexisse
1045 1025 1175 1121 miror,

97 1218 99 1224 ,
192 1143 304 1214 inira
329 1167 446 1242 panea
469 1143 509 1214 in
534 1143 697 1216 medium
721 1142 885 1243 prolerre
910 1143 1095 1216 constitui.

56 1263 58 1270 ’
285 1260 447 1334 Similem
472 1259 582 1362 hujus
605 1253 902 1338 inflammationis
928 1263 1087 1336 formam
1114 1261 1176 1336 ob-

209 1363 366 1453 servavit
390 1384 530 1481 juvenis
556 1375 706 1480 doetus,
731 1382 821 1455 Auo.
843 1375 1029 1458 'Gemma
1056 1381 1176 1454 Hana-

189 1506 273 1574 'nus
299 1505 366 1599 (1),
385 1491 551 1575 ,Berolini
575 1503 615 1574 iu
640 1502 691 1576 ill.
710 1485 859 1575 Gmnrn
877 1502 1010 1576 clinico
1037 1487 1177 1575 chirur-

209 1621 302 1717 gioo.
335 1622 385 1694 Et
422 1624 502 1722 ipse
539 1622 688 1724 quidem
724 1614 844 1696 morbi
881 1621 1076 1696 decursum
1118 1621 1177 1698 his

95 1769 99 1778 ·
207 1741 328 1814 verbis
353 1741 543 1842 descripsit
559 1743 600 1838 (l.
619 1771 650 1816 o.
668 1761 704 1844 p.
722 1743 824 1838 dd.):
849 1775 867 1808 n
901 1740 1072 1841 glandula
1097 1744 1178 1844 ipsa

208 1893 226 1926 n
258 1875 451 1963 partesque
477 1863 682 1962 adjacentes
715 1865 828 1960 magis
860 1864 1111 1934 intumescunt
1137 1875 1177 1934 et

170 2059 173 2074 ,
209 2013 227 2047 n
260 1981 452 2080 calefiunt,
479 2007 583 2082 aeger
613 1985 733 2084 primo
766 1982 932 2082 dolorem
957 1980 1109 2054 surdum
1131 1983 1177 2054 in

208 2133 227 2166 n
259 2101 444 2200 profundo
470 2105 583 2202 partis
608 2104 774 2201 affectae,
791 2101 1106 2203 pulsationemque
1124 2125 1180 2173 ar-

209 2253 226 2286 »
261 2224 432 2296 teriarum
457 2225 583 2321 sentit,
609 2249 701 2322 quae
728 2223 774 2296 de
800 2222 859 2294 die
882 2221 929 2294 acl
946 2220 1042 2294 diem
1060 2221 1178 2317 magis

207 2371 224 2404 n
258 2356 426 2415 creseunt
450 2344 640 2442 acriusque
661 2355 846 2442 pungunt,
872 2342 1096 2440 pressionem
1124 2340 1178 2412 di·

207 2493 224 2522 n
257 2461 486 2560 gitorumque
510 2474 650 2534 tactum
671 2463 730 2536 vix
747 2461 905 2560 perferre
921 2473 1059 2559 potest,
1078 2459 1177 2558 sitis,
1286 2469 1287 2486 ¹

206 2611 224 2642 n
256 2579 473 2677 inquietudo
498 2579 713 2678 adaugetur,
735 2578 924 2678 deglutitis
942 2577 1094 2651 molesta
1114 2581 1176 2679 fit,

206 2731 224 2762 n
257 2723 384 2772 omnes
401 2701 536 2797 aegroti
553 2699 765 2772 difficillime
780 2699 974 2798 respirant,
992 2695 1178 2797 spiritum-

182 2885 187 2899 ,
207 2851 225 2921 a
258 2844 330 2918 que
354 2819 522 2917 trahunt,
543 2819 645 2919 quod
661 2843 704 2898 ex
720 2818 988 2918 compressione
1005 2815 1176 2891 tracheae

208 2971 225 3003 a
259 2966 279 3012 a
306 2938 474 3036 glandula
500 2939 571 3012 lata
598 2953 635 3012 et
659 2936 785 3012 inflata
809 2935 903 3010 effici
920 2935 1062 3037 liquido
1084 2961 1177 3010 eon·

209 3091 226 3124 a
259 3072 350 3157 stat,
373 3061 425 3132 sio
450 3061 549 3132 enim
573 3057 722 3133 liberior
741 3059 834 3130 aeris
851 3059 1022 3150 transitus
1039 3082 1106 3155 per
1124 3081 1177 3128 ar-

209 3211 226 3244 s
258 3180 387 3251 teriam
412 3204 576 3286 asperam
602 3180 688 3252 satis
711 3176 927 3278 impeditur,
945 3191 985 3249 ut
1002 3201 1079 3249 non
1096 3179 1175 3249 sine
1236 3169 1238 3174 ’

524 3458 859 3486 Μ

211 3604 252 3662 (ι)
268 3592 332 3650 vid.
348 3599 387 3664 ej.
401 3597 542 3651 Tractatua
560 3597 594 3649 de
611 3595 737 3664 glandula
762 3593 919 3665 thyreoidee
934 3601 990 3647 tarn
1006 3610 1071 3646 sana
1092 3609 1171 3664 quam

269 3685 391 3738 morbosa
408 3685 528 3756 inprimis
546 3683 581 3736 de
597 3691 699 3738 struma
715 3683 826 3754 ejusque
847 3681 932 3737 sautia
953 3688 1034 3752 etque
1058 3679 1169 3738 medela.

269 3771 340 3844 Lipe.
361 3773 432 3827 1822.
450 3775 475 3828 8.
493 3790 519 3844 p.
538 3772 580 3840 43.
