2614 4476
962 323 1004 375 so

107 416 268 494 duntaxat
280 418 372 494 latus
390 428 611 520 occupantes
630 415 973 498 adrnodumdensas
989 323 1052 494 vl·
1107 500 1109 508 ,

105 540 218 637 riolas,
242 540 393 646 dimidio
420 563 572 640 corpore
589 537 697 638 plane
714 539 855 628 intacto
876 553 939 614 aut
956 563 1055 613 sum·

105 685 195 733 mum
222 663 304 734 unis
336 661 529 758 altarisque
561 657 716 760 pustulis
748 659 951 759 samogam,
983 660 1052 732 Pn-

105 803 238 873 eminus
265 786 313 874 (1)
340 805 484 881 quoque
510 779 621 853 semel
646 778 748 854 vidit.
971 869 987 881 .

166 907 191 990 5.
218 912 276 1002 79ζ
303 901 403 992 Quin
427 903 503 975 imo
529 914 586 974 est
611 897 732 999 aliqua
757 913 930 974 cutanese
951 925 1054 1002 erup·

99 1015 200 1094 'tionis
225 1024 383 1122 specics,
410 1045 501 1121 quae
526 1020 565 1094 ih
594 1018 665 1094 sibi
697 1021 887 1119 proprium
920 1019 1053 1122 hebet,

101 1153 136 1212 ut
157 1143 304 1216 nonnisi
329 1142 543 1242 alterutrum
575 1141 738 1240 corporis
770 1138 865 1213 latus
898 1139 1031 1215 afficiat
1042 1197 1053 1240 ,

101 1274 206 1360 atque.
221 1261 350 1336 de'eu.
363 1245 488 1363 paullo
513 1261 627 1334 fusius
652 1282 720 1335 nos
746 1258 991 1335 diffisndamus
1008 1262 1052 1337 li-

101 1395 191 1456 ceat.
209 1383 354 1456 Zonam
384 1379 565 1480 intelligo,
599 1392 795 1478 nostorum,
828 1407 892 1456 seu
929 1384 1054 1480 ignem

98 1525 228 1575 sacrum
253 1505 331 1578 sive
357 1503 406 1576 St.
433 1502 606 1599 Antonii,
630 1516 673 1574 ut
690 1500 751 1574 alii
766 1525 898 1576 vocare
916 1520 1050 1579 amant,

96 1619 317 1696 Pustulamm
340 1623 382 1694 'in
408 1620 603 1722 corymbos
630 1619 867 1698 collectarum
891 1622 1049 1722 insulae,

95 1765 182 1815 nunc
208 1742 411 1820 admodum
435 1765 588 1840 paucae,
605 1765 710 1814 nunc
721 1765 876 1816 numero
892 1741 1051 1841 multae,

93 1859 246 1946 discretis
271 1861 504 1962 phlyctaenis
528 1862 612 1934 unis
637 1874 675 1934 et
700 1859 821 1934 alteris
858 1874 966 1961 atque
991 1864 1048 1934 in·

91 1985 241 2056 terstitiis
268 1979 481 2064 omnimode
504 1979 641 2078 liberis,
658 2003 765 2079 saepe
780 1981 921 2077 mugnis
936 1979 1049 2054 inter·

91 2104 185 2176 iectis
201 2106 253 2176 ita
271 2099 699 2202 plemmquedispositac
717 2113 818 2197 suut,
836 2113 878 2172 ut
897 2099 1052 2174 fasciam

89 2226 279 2299 costituant
305 2219 458 2294 alterum
474 2211 679 2296 abdominis
695 2213 753 2294 vel
769 2218 929 2293 thoracis
951 2218 1052 2294 latus

86 2341 161 2442 plus
184 2345 308 2416 minus
334 2339 575 2431 ambientem,
600 2339 702 2414 haud
716 2365 798 2414 raro
824 2339 889 2414 tali
913 2340 1043 2440 modo,
1093 2437 1098 2444 .

86 2477 136 2560 ut,
160 2465 288 2565 paucis
312 2459 434 2534 liberis
459 2459 573 2561 plagis
591 2459 767 2536 duntaxat
782 2459 936 2559 relictis,
953 2487 1050 2536 zona.

83 2580 215 2683 aliquot
240 2593 463 2656 transversos
489 2580 620 2681 digitos
645 2579 704 2655 vel
729 2577 951 2679 spithamam
971 2581 1046 2655 lata

84 2727 103 2774 a
124 2701 219 2776 linea
244 2701 328 2774 alba
352 2698 562 2790 autmedio
580 2712 703 2796 sterno
719 2698 768 2774 ad
784 2701 927 2800 spinam
946 2698 1044 2774 dorsi

82 2824 235 2922 perfecte
270 2821 463 2896 dimidium
494 2836 666 2898 truncum
699 2822 829 2920 cingat.
863 2820 1043 2894 Nonnun-

82 2969 186 3043 quam
211 2956 335 3016 autom
368 2944 478 3016 etiam
513 2942 559 3016 ab
589 2941 660 3015 hac
694 2940 931 3041 dispositione
966 2965 1042 3016 non
1144 2999 1149 3006 .

79 3065 203 3162 parum
227 3061 389 3144 deflectit
413 3077 545 3138 zoster:
573 3061 700 3136 ordine
717 3085 794 3135 non
820 3074 943 3162 exacte
969 3085 1060 3150 ser-p

44 3161 52 3170 .
78 3194 158 3255 vato
182 3183 337 3281 sparsim
357 3181 586 3282 pustularum
601 3181 737 3254 racemi
753 3178 1047 3275 distribuuntur,

76 3301 131 3374 vel
154 3326 175 3377 a
201 3315 333 3376 trunco
357 3303 398 3376 in
424 3316 521 3376 artus
554 3301 798 3398 extenduntur
811 3321 834 3399 ς)
854 3293 936 3374 raro
967 3323 1036 3372 nec
