2586 4480
932 265 998 348 185

84 394 180 467 variis
203 407 396 468 neruorum
421 391 558 466 morbis
574 391 747 492 probavi,'
764 391 920 490 alterius,
944 391 1031 468 lieet

83 538 298 613 nequaquam
320 517 362 586 iu
387 513 575 586 distinctas
601 510 691 584 duas
716 511 885 585 dimidius
909 527 1031 612 partes

83 633 255 732 disiuncti,
283 632 431 706 alteram
458 647 582 706 tamen
606 625 747 767 partem
773 645 810 704 et
833 633 874 704 in
899 655 936 704 se
953 635 1033 732 ipsa
1098 697 1100 702 .

82 764 213 826 etcum
236 752 382 853 reliquis
407 755 464 824 sui
488 751 610 825 lateris
635 752 756 825 nervis
782 751 946 824 intimius
973 777 1032 826 co·

80 850 213 945 baereie
237 873 350 946 modo
374 873 552 972 vidimus,
569 897 679 971 quam
696 896 780 944 oum
798 868 909 942 alteia
928 855 1032 970 parte

80 993 315 1094 oppositisque
340 995 470 1066 nervis.
496 991 699 1066 Nervorum
725 1003 847 1062 autem
881 993 1033 1086 vitium,

78 1109 348 1212 hemiplegiam‚
378 1111 484 1187 valde
519 1137 626 1210 saepe
667 1109 950 1210 productionem
977 1112 1031 1182 iu

78 1231 180 1306 altero
203 1213 316 1306 latere
342 1232 590 1332 pessumdare,
616 1255 685 1303 neo
711 1233 843 1326 nou-in
867 1229 1032 1304 dimidia·

77 1351 187 1424 torum
209 1352 405 1426 affectuum
429 1353 583 1424 maxime
609 1349 811 1448 insignibus
829 1365 866 1424 et
884 1351 1031 1424 mirabi-

76 1469 162 1545 libus
192 1497 320 1546 eorum
350 1473 558 1572 passionem
594 1495 701 1569 saepe
738 1470 839 1544 haud
877 1469 1031 1548 obscure

58 1592 189 1692 prodi,
214 1594 291 1665 imo
308 1589 414 1665 valde
432 1591 608 1686 eminere,
635 1615 697 1662 eos
723 1589 873 1664 affectus
898 1617 919 1664 e
946 1617 1032 1666 eou-

76 1714 176 1786 tratis
207 1714 374 1788 omnium
405 1711 584 1798 rarissime
617 1711 658 1780 in
691 1707 845 1782 dimidio
866 1722 1032 1809 'corpore

76 1833 242 1922 mercem,
268 1857 426 1931 quorum
450 1830 606 1901 maxime
630 1831 773 1924 exiguas
789 1842 910 1927 partes
928 1835 1033 1904 nervi

75 1953 279 2051 suscipiant,
306 1949 471 2050 plusibus
495 1947 586 2022 locis
612 1950 894 2047 supraexposui.
921 1949 1033 2048 Hinc,
1114 1975 1119 1999 ι

75 2072 311 2166 vesamabo,
342 2094 465 2143 uonna
492 2082 776 2164 consentaneum
802 2082 858 2141 est
882 2068 1033 2144 conclu·

73 2187 170 2287 dere,
206 2215 334 2266 omues
367 2167 547 2262 dimidiati
578 2187 738 2261 hominis
768 2188 918 2262 morbos
950 2215 1034 2264 ner·

72 2334 193 2382 vorum
224 2313 267 2382 in
300 2301 455 2409 utroque
494 2310 657 2408 corporis
694 2307 806 2382 latere
844 2309 1041 2400 differente,

70 2429 283 2506 incitatione¹
305 2429 474 2530 emiterii
500 2419 801 2526 sed'videamus,
826 2430 917 2528 quid
949 2428 1032 2504 reli·

71 2570 152 2644 quas
175 2549 391 2648 praecipuas
417 2551 579 2648 corporis
606 2546 780 2620 similises
800 2562 919 2646 partes
942 2573 1030 2632 con·

74 2663 176 2740 serre
185 2667 426 2757 iudicandum
451 2669 506 2740 sit.

122 2791 163 2875 „.§
195 2775 276 2860 i35.
302 2785 396 2859 Vasa
421 2785 658 2892 sauguifera
649 2812 688 2858 ιιι
714 2787 923 2860 universum
950 2789 1029 2886 qui·

71 2899 150 2976 dem
174 2906 287 2978 etiam
312 2906 351 2976 in
377 2902 501 2979 dextra
526 2907 741 3004 sinistraque
772 2891 933 2980 invicem
962 2908 1032 2978 sibi

68 3025 321 3122 respondentia
348 3024 577 3122 dilabuntur,
602 3053 728 3099 verum
753 3026 882 3100 eodem
909 3027 1031 3100 omnia
1087 3031 1090 3040 ’

66 3138 259 3244 irrigantua
289 3146 421 3244 latice,
455 3173 565 3246 quem
598 3171 641 3218 ex
676 3172 750 3219 uno
784 3119 913 3220 cbntro
937 3150 1031 3220 acei-

67 3267 195 3365 piunt,
228 3267 267 3338 iu
300 3285 414 3338 unum
445 3265 671 3372 refundune,
706 3249 906 3366 eademque
932 3267 1029 3340 cirea

67 3387 312 3488 periphericos
329 3389 418 3460 fines
436 3387 481 3460 ab
507 3399 661 3484 utroque
677 3387 798 3460 latere
824 3387 1031 3465 multifariis

67 3508 390 3583 anastomosibus
380 3508 538 3580 iuvioem
564 3505 850 3610 coniunguntur.
877 3508 969 3581 adeo
990 3526 1032 3584 ut

67 3601 247 3722 perfecte
259 3627 455 3705 dimidiatis
489 3625 676 3698 affectibus
711 3627 854 3702 obstare
887 3633 1031 3730 potius,

68 3773 177 3844 quam
218 3750 338 3822 favere
377 3747 525 3820 videant
511 3761 578 3820 t.ur
613 3749 670 3821 Eo
704 3763 848 3824 tantum
881 3749 1031 3824 adiuvat

188 3890 221 3940 ιΙ.
239 3886 443 3942 mana-vol.
461 3887 481 3940 1.
885 3909 903 3960 9
