2586 4480
296 283 364 355 ¹9⁰

266 374 464 450 admodum
495 375 568 449 hoc
602 391 767 476 respectu
798 376 960 458 habeant
988 382 1133 453 maxime
1155 383 1202 454 iu·

263 498 443 570 tersuisset
467 499 576 595 scire,
599 498 748 572 morbos
766 501 916 573 omnino
933 503 1111 600 praeterit,
1123 501 1203 600 ipsa·

265 643 416 717 rumque
431 617 553 718 plures
564 619 728 691 infirmae
741 619 921 696 ulterioris
939 622 1205 696 confirmationis

265 735 372 812 valde
415 751 543 839 egent,
582 738 778 812 nonnullae
824 741 951 816 iterata
988 742 1206 842 inquisitione

266 857 375 932 falsae
402 857 524 933 forsan
548 861 779 950 reficientur,
812 861 863 966 ita
895 875 938 934 ut
970 845 1144 960 generalia
1171 862 1207 934 iis

232 1073 234 1084 Ι
267 979 539 1080 superstruendi
571 995 757 1054 tentamen
779 983 954 1056 nonnisi.
970 983 1209 1082 imperfectum

163 1103 165 1124 '
265 1125 340 1173 esse
363 1103 494 1200 possit,
511 1101 575 1175 sed
591 1116 782 1202 propterea
799 1103 976 1203 imprimis
995 1102 1096 1202 quod
1112 1103 1209 1174 scieu-
1275 1098 1276 1168 i

265 1221 324 1292 tiis
349 1220 500 1294 medicis
524 1223 585 1296 vix
609 1221 771 1295 imbutus
788 1221 958 1322 equidem
975 1223 1210 1323 quaestionem

265 1339 469 1439 aggredior,
493 1367 586 1440 quae
610 1341 770 1443 perfecte
796 1356 833 1415 et
856 1368 924 1442 pro
950 1368 1015 1414 sua
1052 1342 1210 1440 dignitate
1276 1381 1277 1386 =

264 1459 436 1540 solvenda
461 1463 581 1536 virum
606 1477 787 1561 posceret,
815 1466 878 1562 qui
903 1465 1038 1561 ingenii
1066 1464 1142 1534 acie
1156 1485 1211 1560 pro

264 1575 413 1654 scientia
437 1595 561 1654 nostra
585 1583 626 1654 in
650 1584 748 1682 ipsos
774 1595 923 1656 naturae
940 1583 1092 1656 intimos
1108 1604 1213 1660 seces·

193 1756 198 1762 .
266 1727 325 1780 sus
351 1704 600 1800 penetraverit.

338 1828 363 1910 ᾗ.
396 1821 474 1894 138.
501 1823 625 1914 Quum
650 1823 809 1921 primum
835 1823 875 1893 in
891 1819 1134 1921 aegritudines
1152 1821 1216 1892 ani·

266 1969 367 2016 mum
393 1941 649 2049 advertamue2
674 1967 766 2041 quae
800 1967 843 2014 ex
876 1942 999 2015 vitiata
1033 1963 1215 2042 neruorum

265 2062 456 2136 efficientia
481 2074 685 2160 emergunt,
705 2075 741 2133 et
758 2061 797 2134 in
814 2087 872 2134 ees
890 2060 1060 2160 quidem,
1074 2083 1215 2160 quarum
1278 2097 1279 2102 κ

264 2181 387 2256 sedem
415 2183 625 2281 primariam
656 2183 696 2254 iu
729 2180 876 2262 cerebro
908 2205 984 2254 non
1015 2204 1094 2254 esse
1129 2190 1215 2253 certo

164 2331 168 2338 ·
263 2299 400 2375 iudicio
435 2300 659 2400 colligimus,
690 2299 837 2378 laevum
872 2299 966 2373 latus
1000 2299 1215 2400 frequentius

262 2420 425 2496 laborare
451 2423 631 2496 cernimus
657 2435 694 2496 et
718 2421 911 2522 epilepsiae
944 2419 1155 2520 prodromis
1185 2427 1216 2488 et

262 2541 464 2640 scelotyrbe
490 2556 528 2614 et
561 2544 680 2616 omuis
712 2544 851 2640 generis
884 2541 1080 2640 hystoricis
1114 2536 1217 2612 mole·

264 2663 359 2760 stila,
384 2662 509 2734 dextro
535 2661 645 2735 latere
671 2661 764 2734 nihil
788 2687 955 2762 prorsus,
989 2661 1094 2760 quod
1129 2660 1217 2732 hisce

264 2784 401 2882 opponi
434 2796 576 2882 posset⁷
616 2782 797 2858 offerente.
817 2781 977 2870 ¹Nullam
1016 2780 1218 2881 plerumque

262 2901 485 2976 materialem
510 2929 637 2977 eorum
666 2903 862 2976 affectuum
888 2925 1033 2976 causam
1051 2900 1219 2974 dissectio

264 3048 460 3122 corporum
485 3022 629 3121 detegit.
656 3022 798 3114 Quibus
818 3021 943 3121 itaque
970 3019 1219 3116 ducemur‚iu

263 3144 383 3216 nervis
409 3144 560 3220 sinistris
584 3141 814 3242 medullaque
840 3143 984 3214 sinistra
1003 3140 1156 3216 'facilius
1183 3160 1219 3208 ac

263 3263 303 3334 in
327 3262 458 3336 iisdem
484 3262 617 3336 dextris
641 3262 823 3362 partibus,
840 3286 1008 3336 vasorum
1034 3268 1220 3360 systemate

262 3381 380 3454 rnorbi
397 3355 482 3454 ''uon
514 3383 715 3480 participe,
739 3379 969 3480 inaequalem
993 3380 1048 3456 vis
1074 3397 1219 3450 nerveae

264 3501 565 3574 distributionem
593 3503 678 3574 oriri
703 3526 982 3602 processu-mque
1014 3497 1120 3572 illum
1153 3493 1221 3568 ani·

262 3619 413 3718 rualem,
439 3647 513 3720 quo
531 3621 721 3694 efficientia
738 3647 932 3694 nervorum
955 3615 1092 3716 nititur,
1119 3615 1217 3710 leerli,

265 3755 307 3812 ut
334 3741 391 3816 vel
416 3741 522 3818 dolor
548 3741 683 3820 aliusve
709 3767 836 3847 sensus
860 3743 940 3814 eius
964 3741 1132 3816 laesionis
1160 3761 1219 3842 uos
