2586 4480
946 316 1018 390 215

99 447 133 509 et
154 435 326 508 azoticum
357 435 469 534 magis
501 433 746 535 reprimantur
777 445 815 507 et
845 433 1043 510 fluidorum

98 556 317 656 aquosiorum
342 556 519 656 separatio
535 556 644 627 nimis
659 553 756 652 larga
777 557 874 628 inter
897 555 1045 630 morbos

96 676 239 748 maxime
255 676 471 775 promineat.
499 671 568 745 Cui
594 673 823 768 coniecturae
848 674 907 749 vel
933 699 976 748 ex
994 674 1044 747 fa-

94 790 187 866 brica
211 785 371 894 corporis
396 795 527 867 eximia
544 791 690 866 additur
710 794 869 876 veritatis
896 796 1044 894 species.

94 911 294 986 Invenimus
311 939 441 1013 nempe
458 911 731 985 memorabilem
750 923 967 1011 organorum
984 940 1061 990 ane·

92 1031 248 1130 tilhesin,
274 1059 364 1132 qua,
389 1035 420 1105 si
436 1033 476 1104 in
500 1056 576 1106 uno
598 1034 763 1130 negativa
789 1057 902 1132 aquae
929 1035 1048 1109 forma

90 1152 279 1250 praevalet,
305 1154 345 1224 in
362 1151 475 1225 altero
493 1153 615 1226 vicino
631 1153 788 1250 positivo
804 1155 918 1252 magis
935 1157 1046 1230 emer·

90 1273 150 1369 git,
175 1275 228 1345 uti
253 1297 308 1345 ex.
335 1297 385 1370 gr.
413 1273 508 1344 circa
525 1272 671 1343 arterias
688 1257 907 1372 oxygenatas
927 1275 1048 1377 adipis

89 1387 324 1492 hydrogenati
357 1391 463 1490 copia
496 1389 617 1487 adest,
652 1417 756 1488 renes
790 1407 827 1467 et
860 1419 1042 1470 mammae
1080 1380 1085 1388 i

89 1511 180 1612 adipi
202 1511 393 1585 immersa‘e
411 1515 513 1608 sunt,
538 1510 677 1583 ossibus
695 1510 854 1585 medulla
880 1515 1043 1615 ipsorum

90 1631 217 1707 obstat:
244 1655 397 1730 eamque
421 1631 461 1702 in
484 1629 595 1702 latere
621 1633 766 1704 sinistro'
794 1635 907 1730 magis
940 1635 1044 1709 lucu·

87 1750 218 1826 lentam
244 1777 287 1824 ac
312 1749 516 1823 inderiso.
541 1748 598 1820 Ibi
625 1751 723 1822 enim
740 1751 943 1827 ventriculo
959 1779 1049 1854 oxy-

88 1870 208 1946 datum
233 1895 384 1944 succum
408 1869 602 1968 gastricum
634 1872 817 1969 separanti
841 1885 878 1945 et
906 1878 1045 1948 omenti

88 1997 240 2066 maxima
265 2016 348 2091 pars
374 1990 571 2089 ‘opponitur
596 2001 633 2061 et
656 1988 732 2061 lien
754 1989 884 2065 itidem
907 1991 1045 2093 hydro·

88 2126 249 2210 genatus:
265 2113 306 2183 in
322 2109 362 2182 id
373 2109 466 2182 latus
479 2108 719 2183 musculosior
734 2110 813 2184 tubi
829 2113 1051 2188 intestinalis·

86 2256 164 2329 pars
190 2229 405 2325 declinavit,
430 2229 469 2300 in
494 2226 624 2326 codem
639 2233 754 2326 vero,
779 2231 833 2302 uti
849 2232 888 2303 in
905 2225 1045 2309 e'ximiis'

87 2349 257 2424 Wsurnnr
284 2347 417 2422 tabulis
441 2344 529 2420 licet
551 2345 689 2444 videre,
714 2344 819 2446 plura
834 2351 943 2426 etiam
959 2370 1044 2428 sunt

85 2495 279 2546 nervorum
304 2466 461 2566 ganglia,
487 2463 619 2566 quibus
644 2463 874 2566 hydrogenes
898 2497 1045 2575 respon-

85 2589 144 2664 det
157 2617 171 2663 :-
190 2615 261 2664 nec
286 2611 364 2661 non
389 2587 587 2686 conspicua
612 2598 667 2657 est
691 2586 819 2660 eadem
843 2591 884 2660 in
911 2593 1020 2666 corde
1035 2613 1053 2692 ,²

86 2713 141 2785 cui
167 2732 356 2808 nunquam
388 2731 465 2780 non
498 2705 609 2804 adeps
636 2707 822 2805 appositus
853 2711 1044 2810 reperitur3

83 2819 248 2928 paribus,
269 2825 360 2927 qnae
379 2825 504 2898 dextro
520 2824 623 2897 lateri
640 2826 713 2897 sint
729 2826 942 2928 peculiaria,
968 2856 1044 2906 non
1068 2833 1071 2836 ’

84 2948 223 3022 oblatis.
241 2937 291 3004 ·-'-
307 2947 564 3045 Praeterquam
580 2963 666 3018 vero
682 2946 783 3044 quod
808 2947 1044 3023 carbunicum

85 3071 324 3144 mazolinum
350 3068 391 3138 iu
416 3065 565 3138 homine
586 3065 730 3140 sinistro
757 3069 898 3166 saepius
924 3069 1043 3142 alteris

84 3191 286 3289 postposita
311 3189 385 3260 sint
409 3185 612 3282 elementis,
637 3177 743 3258 inid
767 3190 959 3288 praecipue
985 3215 1059 3262 su··

82 3333 148 3407 pra
164 3333 229 3383 vos
247 3306 405 3404 attendi,
432 3329 611 3405 oxygenes
626 3305 804 3404 imprimis
829 3319 866 3380 et
889 3309 929 3379 in
948 3333 1044 3382 mor-

82 3427 236 3526 borum,
271 3427 318 3504 ad
344 3451 439 3525 ¹quos
470 3424 571 3496 idem
593 3423 794 3523 proclivior
812 3425 886 3524 sit,
917 3426 1042 3502 multis

82 3549 236 3620 nimium
262 3549 301 3620 in
318 3545 470 3619 modum
489 3543 612 3640 evehi,
637 3556 674 3616 et
693 3543 931 3644 inpartibus,
958 3569 1043 3618 cum

84 3675 176 3766 quae
208 3668 249 3740 in
279 3691 327 3742 eo
357 3665 398 3738 in
431 3665 639 3736 universum
671 3661 963 3762 praeponderare
989 3667 1043 3738 vi-

84 3785 255 3884 deantur,
281 3801 360 3859 tum
376 3783 571 3885 plerisque,
597 3800 687 3881 quae
713 3785 984 3882 asymmetricae
1009 3788 1042 3858 ei
