2614 4476
85 410 150 512 ipse
173 405 216 486 de
240 425 393 513 quatuor
413 405 625 486 hominibus
640 412 727 486 scio.
744 405 929 486 Videntur
951 315 1028 488 33⁰

82 529 114 603 hi
136 531 276 608 sudores
299 531 542 607 haereditario
562 534 641 604 iure
666 529 853 606 interdum
878 557 898 604 a
924 545 1029 644 patpe

82 651 115 723 in
142 651 251 726 filium
281 654 460 728 transseri.
484 653 728 727 Hmrnrunnne
754 653 915 751 scilicet,
943 654 1029 754 qui,

83 795 176 870 prem
198 774 275 874 ipsc
307 785 475 876 expertus
508 787 582 873 est,
615 771 732 847 dextri
763 771 886 848 lateris
920 772 1059 847 sudo·¹

79 917 148 967 rem
167 887 208 968 in
225 895 428 995 inaugurali
444 894 698 969 dissertatione
713 893 924 996 descripsit,
940 917 1031 968 non-

82 1012 210 1114 nullos,
243 1018 307 1117 qui
342 1018 510 1117 proximo
543 1015 686 1117 paterni
719 1016 903 1114 saraguinis
935 1039 1033 1088 nexu

56 1215 60 1224 ¹
83 1131 141 1207 sibi
157 1133 408 1238 cohaeserint,
426 1138 544 1240 ,eriam
566 1137 662 1210 circa
679 1133 872 1209 dimidium
888 1147 1033 1208 tantum

83 1277 199 1354 corpus
223 1256 395 1355 sudasse,
422 1255 556 1330 adiecit
563 1283 574 1355 3
601 1270 709 1358 atque
734 1257 821 1356 pari-
838 1254 951 1329 modo
977 1258 1034 1329 vir
1111 1343 1114 1348 Ι

83 1371 239 1449 affinitate
264 1390 303 1448 et
327 1377 486 1449 amicitia
519 1375 613 1450 mihi
646 1375 864 1451 coniunctus
890 1391 945 1449 sat
971 1401 1035 1450 co-

81 1495 211 1592 piceum
235 1509 274 1569 et
300 1493 472 1571 facillime
504 1495 736 1572 excitandum
771 1500 880 1570 unius
902 1487 1035 1596 'lateris

82 1612 235 1689 sudorem
260 1642 281 1690 a
308 1611 420 1715 patre
437 1616 586 1717 recepit.

59 1815 63 1822 ,
142 1739 168 1824 ξ,
192 1761 249 1840 7¹·
275 1735 378 1808 Inter
402 1761 529 1810 omnes
556 1736 844 1836 frequentissime
869 1737 944 1810 sere
970 1735 1036 1810 ob-
1086 1777 1090 1786 ‚

82 1854 415 1953 suvan'videntur,
441 1879 596 1956 quorum
615 1855 759 1930 dimidii
786 1857 948 1955 corporis
971 1881 1036 1928 eu·
1094 1874 1105 1886 ·

84 1972 142 2071 tis,
165 1973 211 2048 ad
236 1977 331 2050 cutis
357 1975 463 2049 faciei
489 1975 702 2074 dignitatem
728 1978 831 2077 quasi
856 1973 1038 2073 elevatae,

84 2091 276 2190 enhelantia
302 2119 387 2170 vasa
411 2094 558 2196 reliquis
575 2175 576 2180 ,
591 2097 841 2197 receptivitate
870 2093 1040 2196 praepol-

83 2210 182 2290 lentia
202 2216 350 2312 'facilius
377 2216 424 2292 ad
448 2230 637 2318 tantopere
663 2209 809 2291 auctam
835 2219 1041 2316 actionem,
1079 2283 1086 2297 ,
1174 2220 1181 2232 “

84 2347 119 2406 ut
133 2338 282 2414 emissus
295 2361 411 2441 vapor
426 2339 467 2410 in
484 2335 640 2437 guttulas
656 2339 697 2410 in
714 2339 903 2438 superficie
920 2349 1041 2436 coeat,

86 2453 321 2552 advocentur,
345 2460 397 2530 ita
422 2471 465 2532 ut
489 2457 604 2532 hocce
631 2461 792 2559 corporis
809 2451 910 2531 latus*
929 2459 1044 2531 altero
1161 2525 1163 2532 ,

71 2596 215 2675 ‘semper
238 2591 279 2650 et
303 2578 404 2677 prius
425 2573 561 2652 'sudore
585 2577 731 2652 madeat
747 2592 785 2652 et
800 2579 1044 2676 copiosiorem

85 2689 223 2794 fundat,
250 2693 367 2769 altero
390 2694 478 2772 licet
502 2723 735 2799 nequaquam
752 2695 967 2772 humoribus
985 2695 1046 2768 ab·
1156 2697 1159 2702 ’

85 2817 251 2891 normiter
266 2809 473 2918 praecluso,
491 2820 597 2919 quin,
614 2843 822 2919 praegresso
838 2817 921 2916 illo,
940 2815 1048 2892 facile

73 2928 266 3036 slangeque
285 2936 450 3011 sudante.
484 2939 764 3016 Cuiuscemodi
776 2939 1049 3014 observationes
1085 2983 1092 2994 -

87 3054 218 3128 etiamsi
231 3081 333 3135 rarae
348 3059 389 3130 in
399 3057 628 3134 medicorum
643 3061 786 3159 scriptis
803 3083 944 3159 sparsae
958 3057 1049 3147 sint,

86 3169 334 3276 nihilominus,
365 3203 480 3278 quum
506 3204 526 3252 a
552 3181 677 3279 paucis
695 3181 800 3252 annis
823 3178 951 3251 studiis
977 3169 1053 3248 me-

91 3288 176 3367 dicis
200 3295 344 3372 imbuto
370 3297 463 3371 mihi
497 3313 625 3400 quater
653 3301 729 3374 iam
759 3298 841 3374 talis
867 3299 974 3372 unius
983 3283 1053 3368 l-a

89 3413 169 3486 teris
193 3418 311 3490 maior
337 3418 396 3492 ad
409 3419 621 3494 sudandum
637 3406 836 3521 propensio
854 3418 1055 3500 occurrerit
1163 3443 1173 3458 ι

91 3553 234 3636 eamque
260 3539 404 3674 saepius
429 3539 658 3628 observatam
675 3566 750 3615 csse
773 3540 825 3612 ab
846 3537 925 3612 aliis
952 3535 1056 3610 audi-

92 3651 177 3726 visse
203 3659 456 3760 meminerim,
489 3675 547 3736 eat
578 3663 788 3774 frequenter
819 3683 900 3732 eam
932 3659 1061 3752 cerni,

93 3784 185 3848 reete
226 3779 401 3852 sustinere
439 3782 533 3856 mihi
575 3782 712 3858 videor.
753 3781 890 3857 Revera
936 3789 1060 3849 autem

220 3916 503 3976 J.FmI<-Vel.1.
773 4003 775 4022 ἱ
967 3915 997 3970 5¹
