2586 4480
271 283 346 358 216

243 403 363 478 solum
394 401 579 504 appositae
604 401 698 502 sint,
723 399 950 506 praevalere,
975 429 1192 506 nequaquam

242 539 365 598 autem
404 525 531 596 ceteris
568 522 755 624 elementis
792 527 955 624 superius
992 525 1192 600 habendum

242 667 318 714 esse
342 644 384 740 in
409 667 561 742 corpore
587 643 726 716 dextro.
753 643 864 734 Quod
878 644 995 718 multo
1012 647 1131 718 minus
1154 670 1192 718 ex

237 785 282 835 eo
297 758 409 836 fluere
427 764 571 861 opinor,
594 759 695 861 qnod
710 763 750 833 in
766 763 918 836 sinistris
934 765 975 836 in
990 765 1192 838 universum

236 883 348 979 magis
376 884 599 980 promineat,
632 882 672 954 in
703 881 838 954 dextris
870 885 1017 956 nonnisi
1052 879 1195 957 minoris

144 1057 148 1062 .
237 1003 285 1074 sit
308 999 509 1099 dignitatis,
535 985 646 1100 quam
670 1025 714 1074 ex
740 999 868 1073 eadem
892 1001 1005 1075 modo
1024 1002 1121 1076 diota
1135 1026 1194 1102 po·

236 1117 321 1192 laris
344 1143 457 1218 aquae
483 1117 683 1192 formarum
708 1121 949 1218 oppositionis
977 1122 1193 1221 praestantia

235 1237 329 1312 illibi
340 1237 548 1341 insigniori,
563 1261 637 1335 qua
651 1237 761 1310 simul
776 1235 1053 1312 fluctuationem
1069 1239 1194 1313 harum

236 1357 454 1432 crebriorem
478 1355 605 1430 induci
628 1355 846 1455 morbosque
873 1357 1099 1456 frequentius
1119 1382 1195 1432 evo·

237 1479 311 1551 cari
335 1491 443 1577 puto,
467 1478 507 1549 in
532 1475 665 1576 quibus
689 1501 801 1576 penes
826 1475 1037 1551 alterutram
1066 1480 1194 1578 prinoi-

235 1610 342 1698 patus
366 1610 421 1670 est
444 1620 530 1696 prae
557 1596 684 1687 ceteris
710 1595 906 1682 elementis
926 1597 1058 1670 Parem
1084 1600 1194 1694 enim,

235 1742 278 1790 ao
304 1742 375 1818 qua
400 1713 564 1816 partibus
580 1715 755 1814 ,oxydatis
781 1740 802 1786 a
827 1709 949 1788 medio
970 1740 1126 1819 corpore
1151 1717 1195 1790 ad

222 1839 415 1910 sinistram
439 1835 606 1934 repositis
638 1833 711 1908 fere
736 1833 857 1908 ubivis
884 1836 1025 1909 vicinae
1059 1837 1195 1936 hydro·
1284 1905 1285 1940 ,

233 1971 381 2056 genatae
399 1956 586 2054 oppositae
603 1966 703 2050 sunt,
721 1953 919 2026 antithesin
936 1956 1032 2026 inter
1046 1955 1195 2030 morbos

233 2079 344 2150 etiam
354 2074 440 2148 huic
454 2072 557 2146 lateri
571 2073 849 2172 respondentes,
863 2076 1068 2148 accuratius
1083 2101 1193 2176 quum

232 2195 545 2296 inquisiverimus,
576 2192 653 2266 fore
686 2192 860 2290 arbitror,
890 2206 931 2267 ut
963 2196 1194 2284 inveniamus
1284 2185 1285 2194 '

233 2330 340 2415 atque
372 2313 521 2388 alteram
550 2311 864 2412 deprehendamus
895 2311 1029 2386 horum
1056 2317 1196 2390 seriem

230 2433 284 2506 illi
309 2432 579 2535 supradictae,
611 2435 785 2532 oxygonis
817 2433 1014 2505 eminentia
1048 2435 1194 2532 eonspi·

231 2579 337 2652 cuae,
361 2577 406 2626 ex
429 2551 580 2628 adverso
597 2553 817 2652 oppositam,
843 2550 1053 2650 hydrogene
1081 2553 1194 2650 magis

228 2671 458 2773 praevalente
483 2673 671 2770 insignem.
698 2670 809 2764 Quod
831 2669 981 2770 quidem
1002 2695 1046 2744 eo
1064 2671 1192 2744 saltem

228 2793 321 2868 mihi
344 2789 534 2892 probabile
558 2791 739 2889 redditur,
757 2788 857 2890 quod
874 2803 1084 2888 trescasas,
1103 2815 1193 2891 quos

229 2913 410 3010 noverim,
435 2910 684 2986 musculorum
700 2909 868 2984 inaltero
893 2909 1007 2984 modo
1029 2911 1192 3010 eorporis

227 3033 338 3105 latere
362 3033 402 3104 in
426 3031 665 3104 substantiam
681 3029 933 3129 adipoceream
949 3043 1191 3124 mutatorum,

191 3172 193 3178 '
230 3175 356 3226 omnes
381 3150 430 3223 ad
454 3152 640 3222 sinistrum
663 3151 879 3248 pertineant.

253 3289 257 3294 ’
302 3276 329 3360 5.
361 3268 402 3344 '15
411 3296 440 3342 1.
464 3269 497 3340 E
524 3267 657 3368 quibus
681 3271 798 3342 maior
814 3282 956 3342 tantum
971 3270 1095 3342 minus
1120 3269 1191 3341 suf·

111 3367 116 3386 ’
229 3389 394 3474 ficienter
408 3390 602 3488 exponitur
617 3387 787 3486 affinitas,
813 3413 904 3488 quae
922 3390 1068 3461 sinistro
1087 3389 1189 3460 lateri

233 3519 288 3581 est
311 3532 396 3580 eum
421 3520 615 3608 systemate
641 3509 835 3596 arterioso,
869 3507 995 3580 dextro
1021 3533 1105 3579 cum
1130 3531 1191 3581 ve·

228 3652 330 3702 nese.
356 3630 481 3728 anue
497 3627 687 3725 affinitate,
712 3630 742 3700 si
767 3627 836 3700 alia
861 3630 930 3729 ipsi
947 3628 1187 3727 adiungimus,
1282 3651 1283 3694 1

228 3747 341 3822 veluti
377 3747 477 3847 quod
518 3749 558 3820 in
599 3739 711 3820 latere
749 3747 877 3824 dextro
918 3746 1047 3834 calculi
1090 3746 1185 3820 fellei
