2586 4480
73 343 76 348 ·
165 321 169 328 ’
211 305 309 390 -536

205 436 377 509 arrodere
403 445 510 536 atque
536 435 574 508 in
600 442 676 536 ejus
700 429 841 526 ‘cauum
873 435 984 510 affusa
1017 437 1170 512 suffoca·

208 561 347 630 tionem
372 556 512 629 efficere
537 570 665 656 potest.
691 558 861 628 Attamen
878 581 954 629 non
972 583 1117 658 semper
1135 562 1172 630 in

208 678 413 750 abscessum
439 677 515 750 abit
542 675 631 749 haec
666 676 927 777 inflammatio,
952 677 1017 752 sed
1048 693 1087 750 et
1121 705 1173 751 re-

113 782 116 800 ’
206 798 340 872 solutio
367 804 443 898 ejus
469 798 668 900 exspectari
698 811 828 897 potest.
855 798 966 889 Quod
995 799 1180 898 probatur.

207 917 519 1006 observationibus
545 945 565 989 a
592 918 775 990 Cannoruo
800 920 816 1015 (
828 923 868 1006 r)
895 916 1055 1021 traditiS,
1082 946 1172 1019 quas

206 1040 373 1113 Huuruus
400 1043 465 1137 (a)
493 1054 531 1112 et
555 1037 782 1111 Hiirrnnnrus
809 1038 873 1132 (3)
900 1063 1090 1138 perperam
1127 1041 1174 1113 ad

208 1161 424 1260 synanchen
451 1159 660 1232 retulerunt.
679 1157 772 1232 Nam
789 1159 914 1258 utique
933 1158 981 1240 ad
998 1175 1176 1233 strumam

206 1288 280 1381 jam
304 1285 542 1355 inveteratam
566 1279 804 1354 inflammatio
839 1278 901 1351 hio
935 1283 1087 1354 accessit
1121 1297 1181 1354 at-'

210 1430 279 1504 que
306 1402 534 1475 hirudinibus
560 1415 598 1474 et
622 1400 700 1472 aliis
726 1399 1027 1500 antiphlogisticis
1055 1416 1092 1472 et
1112 1403 1174 1482 de-

206 1524 407 1598 rivautibus
433 1509 601 1595 remediis
628 1521 803 1596 hactenus
834 1520 990 1594 resoluta
1024 1536 1092 1618 est,
1134 1537 1173 1594 ut

207 1658 342 1726 struma
360 1670 426 1745 per
441 1642 767 1716 inflammationem
791 1656 895 1713 aucta
912 1641 960 1722 ad
976 1644 1173 1740 pristinum

206 1781 338 1839 statum
364 1765 509 1838 rediret.
536 1763 717 1836 strumam
742 1779 829 1834 vero
852 1761 1173 1838 inflammatoriam

206 1891 314 1960 etiam
340 1887 459 1984 prius,
486 1909 594 1984 pram
611 1887 650 1956 iu
667 1882 874 1955 abscessum
902 1883 1047 1978 abierit,
1076 1883 1172 1955 mole

205 2033 267 2080 sua
294 2009 459 2106 spiritum
485 2006 701 2104 intercipere
726 2029 850 2103 posse,
877 2004 1053 2101 probatur
1086 2031 1171 2076 casu

206 2155 226 2200 a
252 2127 294 2200 D.
316 2127 503 2213 Raournro
525 2151 610 2198 ann.
644 2113 932 2225 1807JLutetiae
949 2125 1171 2198 Parisiorum

109 2291 112 2298 ·
193 2253 244 2321 'iu
270 2249 483 2322 nosocomio
509 2247 557 2319 St.
584 2248 734 2320 Antonii
761 2245 951 2319 observato
980 2246 1040 2338 (4).

280 2371 312 2440 E
339 2370 520 2442 contrario
554 2367 740 2440 interdum
762 2365 930 2462 ¹accidit⁷
960 2380 1001 2436 ut
1033 2380 1169 2438 struma

205 2491 474 2591 suppurationis
500 2513 569 2588 ope
596 2490 671 2562 cito
698 2501 853 2560 sanetur.
882 2486 1074 2587 Ejusmodi
1109 2488 1170 2558 oh-

197 2613 424 2688 servationes
449 2613 523 2709 jam
548 2611 588 2681 iu
613 2609 776 2700 medium
802 2606 985 2708 protulere
1000 2606 1058 2678 Jo.
1077 2607 1168 2679 Dav.

206 2712 447 2805 Miueutnrus
470 2729 520 2827 (5)
547 2727 879 2802 etW1nu.Luuov.
908 2726 1089 2830 Wrnnrus
1105 2729 1170 2824 (6),

183 3036 187 3046 '
210 3043 248 3100 (r)
267 3039 305 3088 De
323 3035 342 3089 l'
349 3033 538 3087 inflammation
557 3032 590 3085 de
607 3031 799 3098 bronchocele,
818 3049 866 3102 par
877 3031 912 3082 Μ.
928 3031 1042 3093 Jaccoes
1055 3033 1164 3085 Caunos.

265 3128 295 3176 ln
312 3125 406 3176 Joum.
426 3121 531 3191 general
549 3119 582 3173 de
599 3117 751 3186 mederico,
770 3117 803 3171 de
819 3119 951 3188 chirurgia
962 3128 990 3171 et
1001 3119 1034 3172 de
1046 3121 1168 3190 pharma-
1286 3115 1287 3128 ¹

266 3216 323 3280 eie,
341 3211 431 3280 redigd
448 3228 497 3281 per
514 3211 653 3277 Sentitur,
673 3208 704 3260 Τ.
722 3208 808 3262 xttx.
825 3226 852 3280 p.
870 3209 958 3262 21·a5.

210 3299 444 3372 mbepffi
542 3301 580 3366 J

210 3391 251 3452 (3)
268 3389 296 3440 1..
315 3406 337 3439 c.
357 3406 382 3458 p.
400 3385 516 3440 XI-xtl.

209 3476 248 3541 (4)
265 3474 340 3528 Couf.
359 3472 539 3527 Dietionnaire
558 3471 604 3524 des
621 3471 717 3524 stirne.
733 3470 803 3526 me'd.
820 3469 851 3522 Τ.
867 3469 959 3524 xvlu.
973 3472 1057 3538 goitre
1069 3490 1096 3541 p.
1107 3474 1163 3528 526.
1281 3531 1286 3542 ἡ

210 3567 251 3628 (5)
268 3565 307 3616 De
325 3571 426 3616 struma
448 3562 561 3615 feliciter
583 3569 737 3631 suppurata.
761 3561 791 3612 in
814 3559 981 3631 prrmerid.
1005 3560 1086 3611 Acad.
1108 3561 1165 3611 Nat.

267 3651 330 3706 Cur.
348 3650 423 3703 Ceut.
441 3652 461 3702 l.
481 3651 545 3702 Obs.
564 3649 646 3702 xvlt.
664 3667 690 3718 p.
709 3650 751 3718 67.
814 3645 816 3650 ’

171 3765 174 3772 »
208 3739 247 3803 (6)
266 3739 305 3790 De
323 3749 423 3791 struma
440 3737 636 3809 suppurationis
654 3737 681 3789 vi
703 3743 798 3806 sponte
821 3745 900 3808 rupta
918 3735 1077 3791 etseliciter
1093 3755 1165 3790 cura·

267 3833 302 3876 ta.
321 3827 353 3879 ln
371 3826 435 3878 Nov.
455 3829 513 3878 Aet.
532 3826 589 3881 Nat
608 3824 669 3877 Cur.
687 3823 718 3877 T.
736 3824 784 3878 111.
803 3841 829 3895 p.
847 3826 904 3891 (ια.
988 3857 995 3875 .
