<?xml version="1.0" encoding="UTF-8"?>
<!DOCTYPE html PUBLIC "-//W3C//DTD XHTML 1.0 Transitional//EN"
    "http://www.w3.org/TR/xhtml1/DTD/xhtml1-transitional.dtd">
<html xmlns="http://www.w3.org/1999/xhtml" xml:lang="en" lang="en">
 <head>
  <title>
</title>
<meta http-equiv="Content-Type" content="text/html;charset=utf-8" />
  <meta name='ocr-system' content='tesseract 3.04.00' />
  <meta name='ocr-capabilities' content='ocr_page ocr_carea ocr_par ocr_line ocrx_word'/>
</head>
<body>
  <div class='ocr_page' id='page_1' title='image "./delectusopuscul02frangoog_0052.png"; bbox 0 0 2594 4474; ppageno 0'>
   <div class='ocr_carea' id='block_1_1' title="bbox 73 389 1185 852">
    <p class='ocr_par' dir='ltr' id='par_1_1' title="bbox 73 389 1185 852">
     <span class='ocr_line' id='line_1_1' title="bbox 73 389 1055 498; baseline -0.002 -32"><span class='ocrx_word' id='word_1_1' title='bbox 73 477 77 482; x_wconf 27' lang='lat'><strong>¹</strong></span> <span class='ocrx_word' id='word_1_2' title='bbox 166 401 191 485; x_wconf 69' lang='grc'><strong>9.</strong></span> <span class='ocrx_word' id='word_1_3' title='bbox 225 389 608 498; x_wconf 36' lang='grc'><strong>13111111111111111</strong></span> <span class='ocrx_word' id='word_1_4' title='bbox 634 390 781 464; x_wconf 85' lang='lat' dir='ltr'><strong>tandem</strong></span> <span class='ocrx_word' id='word_1_5' title='bbox 811 389 1055 490; x_wconf 81' lang='lat' dir='ltr'><strong>hemiplegia,</strong></span> 
     </span>
     <span class='ocr_line' id='line_1_2' title="bbox 101 511 1057 614; baseline 0 -30"><span class='ocrx_word' id='word_1_6' title='bbox 101 537 183 614; x_wconf 88' lang='lat' dir='ltr'><strong>quae</strong></span> <span class='ocrx_word' id='word_1_7' title='bbox 208 512 399 614; x_wconf 82' lang='lat' dir='ltr'>apoplexia</span> <span class='ocrx_word' id='word_1_8' title='bbox 414 537 491 586; x_wconf 92' lang='lat' dir='ltr'><strong>non</strong></span> <span class='ocrx_word' id='word_1_9' title='bbox 519 535 725 613; x_wconf 84' lang='lat' dir='ltr'><strong>praegressa</strong></span> <span class='ocrx_word' id='word_1_10' title='bbox 745 511 913 586; x_wconf 86' lang='lat' dir='ltr'><strong>homines</strong></span> <span class='ocrx_word' id='word_1_11' title='bbox 938 537 1057 610; x_wconf 87' lang='lat' dir='ltr'><strong>aggre-</strong></span> 
     </span>
     <span class='ocr_line' id='line_1_3' title="bbox 99 631 1056 731; baseline -0.002 -25"><span class='ocrx_word' id='word_1_12' title='bbox 99 631 203 730; x_wconf 82' lang='lat' dir='ltr'><strong>ditur,</strong></span> <span class='ocrx_word' id='word_1_13' title='bbox 227 633 397 706; x_wconf 84' lang='lat' dir='ltr'><strong>infestior</strong></span> <span class='ocrx_word' id='word_1_14' title='bbox 421 635 486 731; x_wconf 72' lang='lat' dir='ltr'><strong>sit,</strong></span> <span class='ocrx_word' id='word_1_15' title='bbox 511 634 625 730; x_wconf 88' lang='lat' dir='ltr'><strong>magis</strong></span> <span class='ocrx_word' id='word_1_16' title='bbox 657 631 777 704; x_wconf 85' lang='lat' dir='ltr'><strong>adlmc</strong></span> <span class='ocrx_word' id='word_1_17' title='bbox 807 633 847 704; x_wconf 88' lang='grc'><strong>111</strong></span> <span class='ocrx_word' id='word_1_18' title='bbox 877 631 1056 731; x_wconf 86' lang='lat' dir='ltr'><strong>impedito</strong></span> 
     </span>
     <span class='ocr_line' id='line_1_4' title="bbox 97 738 1185 852; baseline -0.001 -27"><span class='ocrx_word' id='word_1_19' title='bbox 97 765 162 850; x_wconf 77' lang='lat' dir='ltr'><strong>est3</strong></span> <span class='ocrx_word' id='word_1_20' title='bbox 186 778 300 852; x_wconf 83' lang='lat' dir='ltr'><strong>quum</strong></span> <span class='ocrx_word' id='word_1_21' title='bbox 327 777 413 826; x_wconf 86' lang='lat' dir='ltr'><strong>vero</strong></span> <span class='ocrx_word' id='word_1_22' title='bbox 439 753 573 826; x_wconf 77' lang='lat' dir='ltr'><strong>Conarr</strong></span> <span class='ocrx_word' id='word_1_23' title='bbox 600 753 805 825; x_wconf 88' lang='lat' dir='ltr'><strong>sententiae</strong></span> <span class='ocrx_word' id='word_1_24' title='bbox 833 750 931 826; x_wconf 85' lang='lat' dir='ltr'><strong>solus</strong></span> <span class='ocrx_word' id='word_1_25' title='bbox 960 751 1057 824; x_wconf 70' lang='lat' dir='ltr'><strong>Har·</strong></span> <span class='ocrx_word' id='word_1_26' title='bbox 1182 738 1185 742; x_wconf 33' lang='lat'>⁵</span> 
     </span>
    </p>
   </div>
   <div class='ocr_carea' id='block_1_2' title="bbox 92 867 1175 1692">
    <p class='ocr_par' dir='ltr' id='par_1_2' title="bbox 94 867 1140 1458">
     <span class='ocr_line' id='line_1_5' title="bbox 97 867 1056 972; baseline 0.002 -30"><span class='ocrx_word' id='word_1_27' title='bbox 97 897 167 944; x_wconf 87' lang='grc'><strong>1111</strong></span> <span class='ocrx_word' id='word_1_28' title='bbox 191 875 239 946; x_wconf 85' lang='lat' dir='ltr'><strong>sit</strong></span> <span class='ocrx_word' id='word_1_29' title='bbox 264 874 485 970; x_wconf 85' lang='lat' dir='ltr'><strong>contrarius,</strong></span> <span class='ocrx_word' id='word_1_30' title='bbox 510 871 680 972; x_wconf 78' lang='lat' dir='ltr'>idemque</span> <span class='ocrx_word' id='word_1_31' title='bbox 705 870 844 946; x_wconf 81' lang='lat' dir='ltr'>hancce</span> <span class='ocrx_word' id='word_1_32' title='bbox 869 867 1056 972; x_wconf 76' lang='lat' dir='ltr'><strong>paralysin</strong></span> 
     </span>
     <span class='ocr_line' id='line_1_6' title="bbox 97 989 1054 1094; baseline 0.002 -32"><span class='ocrx_word' id='word_1_33' title='bbox 97 989 136 1062; x_wconf 91' lang='lat' dir='ltr'><strong>ab</strong></span> <span class='ocrx_word' id='word_1_34' title='bbox 160 990 378 1094; x_wconf 88' lang='lat' dir='ltr'><strong>hemiplegia</strong></span> <span class='ocrx_word' id='word_1_35' title='bbox 404 991 717 1093; x_wconf 86' lang='lat' dir='ltr'><strong>apoplecticorum</strong></span> <span class='ocrx_word' id='word_1_36' title='bbox 742 989 833 1064; x_wconf 88' lang='lat' dir='ltr'><strong>nulli</strong></span> <span class='ocrx_word' id='word_1_37' title='bbox 859 991 972 1064; x_wconf 91' lang='lat' dir='ltr'><strong>modo</strong></span> <span class='ocrx_word' id='word_1_38' title='bbox 998 1015 1054 1064; x_wconf 87' lang='lat' dir='ltr'><strong>ao·</strong></span> 
     </span>
     <span class='ocr_line' id='line_1_7' title="bbox 96 1107 1056 1210; baseline 0.001 -29"><span class='ocrx_word' id='word_1_39' title='bbox 96 1125 209 1182; x_wconf 88' lang='lat' dir='ltr'><strong>curate</strong></span> <span class='ocrx_word' id='word_1_40' title='bbox 235 1111 469 1210; x_wconf 83' lang='lat' dir='ltr'><strong>disiunrerit‚</strong></span> <span class='ocrx_word' id='word_1_41' title='bbox 496 1111 661 1186; x_wconf 81' lang='grc'><strong>1111111111</strong></span> <span class='ocrx_word' id='word_1_42' title='bbox 679 1111 792 1208; x_wconf 81' lang='lat' dir='ltr'><strong>latus,</strong></span> <span class='ocrx_word' id='word_1_43' title='bbox 818 1107 936 1183; x_wconf 83' lang='lat' dir='ltr'><strong>atille</strong></span> <span class='ocrx_word' id='word_1_44' title='bbox 962 1108 1056 1206; x_wconf 79' lang='lat' dir='ltr'><strong>vult,</strong></span> 
     </span>
     <span class='ocr_line' id='line_1_8' title="bbox 96 1229 1056 1332; baseline 0 -30"><span class='ocrx_word' id='word_1_45' title='bbox 96 1230 313 1331; x_wconf 84' lang='lat' dir='ltr'><strong>frequentius</strong></span> <span class='ocrx_word' id='word_1_46' title='bbox 346 1255 389 1305; x_wconf 89' lang='lat' dir='ltr'><strong>ea</strong></span> <span class='ocrx_word' id='word_1_47' title='bbox 420 1229 624 1332; x_wconf 83' lang='lat' dir='ltr'><strong>implicari,</strong></span> <span class='ocrx_word' id='word_1_48' title='bbox 659 1233 835 1306; x_wconf 87' lang='lat' dir='ltr'><strong>maiorem</strong></span> <span class='ocrx_word' id='word_1_49' title='bbox 868 1229 1056 1330; x_wconf 84' lang='lat' dir='ltr'><strong>hucusque</strong></span> 
     </span>
     <span class='ocr_line' id='line_1_9' title="bbox 94 1331 1140 1458; baseline -0.003 -34"><span class='ocrx_word' id='word_1_50' title='bbox 94 1349 356 1448; x_wconf 79' lang='lat' dir='ltr'><strong>probabilitatis</strong></span> <span class='ocrx_word' id='word_1_51' title='bbox 382 1331 540 1452; x_wconf 83' lang='lat' dir='ltr'><strong>speeiern</strong></span> <span class='ocrx_word' id='word_1_52' title='bbox 564 1377 652 1452; x_wconf 89' lang='lat' dir='ltr'><strong>prae</strong></span> <span class='ocrx_word' id='word_1_53' title='bbox 677 1377 716 1458; x_wconf 80' lang='lat' dir='ltr'><strong>se</strong></span> <span class='ocrx_word' id='word_1_54' title='bbox 742 1351 823 1426; x_wconf 82' lang='lat' dir='ltr'><strong>fert.</strong></span> <span class='ocrx_word' id='word_1_55' title='bbox 850 1351 962 1422; x_wconf 89' lang='lat' dir='ltr'><strong>Cuius</strong></span> <span class='ocrx_word' id='word_1_56' title='bbox 987 1351 1055 1446; x_wconf 75' lang='lat' dir='ltr'><strong>rei,</strong></span> <span class='ocrx_word' id='word_1_57' title='bbox 1138 1379 1140 1386; x_wconf 95' lang='lat'>·</span> 
     </span>
    </p>

    <p class='ocr_par' dir='ltr' id='par_1_3' title="bbox 92 1447 1175 1692">
     <span class='ocr_line' id='line_1_10' title="bbox 94 1447 1175 1572; baseline 0.002 -32"><span class='ocrx_word' id='word_1_58' title='bbox 94 1472 119 1542; x_wconf 87' lang='lat' dir='ltr'><strong>si</strong></span> <span class='ocrx_word' id='word_1_59' title='bbox 148 1474 371 1572; x_wconf 79' lang='lat' dir='ltr'><strong>experientia</strong></span> <span class='ocrx_word' id='word_1_60' title='bbox 404 1474 518 1570; x_wconf 87' lang='lat' dir='ltr'><strong>magis</strong></span> <span class='ocrx_word' id='word_1_61' title='bbox 550 1471 779 1565; x_wconf 87' lang='lat' dir='ltr'><strong>firmabitur,</strong></span> <span class='ocrx_word' id='word_1_62' title='bbox 807 1473 987 1544; x_wconf 88' lang='lat' dir='ltr'><strong>rationem</strong></span> <span class='ocrx_word' id='word_1_63' title='bbox 1016 1471 1065 1556; x_wconf 73' lang='grc'><strong>111,</strong></span> <span class='ocrx_word' id='word_1_64' title='bbox 1171 1447 1175 1462; x_wconf 45' lang='lat'>⁵</span> 
     </span>
     <span class='ocr_line' id='line_1_11' title="bbox 92 1591 1058 1692; baseline 0.002 -30"><span class='ocrx_word' id='word_1_65' title='bbox 92 1592 214 1666; x_wconf 89' lang='lat' dir='ltr'><strong>maiori</strong></span> <span class='ocrx_word' id='word_1_66' title='bbox 222 1591 440 1666; x_wconf 67' lang='lat' dir='ltr'><strong>‘dextrarum</strong></span> <span class='ocrx_word' id='word_1_67' title='bbox 456 1594 616 1692; x_wconf 83' lang='lat' dir='ltr'><strong>partium</strong></span> <span class='ocrx_word' id='word_1_68' title='bbox 631 1617 700 1665; x_wconf 81' lang='lat' dir='ltr'><strong>usu</strong></span> <span class='ocrx_word' id='word_1_69' title='bbox 719 1593 824 1664; x_wconf 86' lang='lat' dir='ltr'><strong>sitam</strong></span> <span class='ocrx_word' id='word_1_70' title='bbox 848 1615 925 1664; x_wconf 84' lang='lat' dir='ltr'><strong>esee</strong></span> <span class='ocrx_word' id='word_1_71' title='bbox 942 1591 1058 1664; x_wconf 90' lang='lat' dir='ltr'><strong>conii·</strong></span> 
     </span>
    </p>
   </div>
   <div class='ocr_carea' id='block_1_3' title="bbox 95 1711 1170 1812">
    <p class='ocr_par' dir='ltr' id='par_1_4' title="bbox 95 1711 1170 1812">
     <span class='ocr_line' id='line_1_12' title="bbox 95 1711 1170 1812; baseline 0.001 -30"><span class='ocrx_word' id='word_1_72' title='bbox 95 1713 259 1785; x_wconf 88' lang='lat' dir='ltr'><strong>ciendum</strong></span> <span class='ocrx_word' id='word_1_73' title='bbox 276 1713 400 1786; x_wconf 84' lang='lat' dir='ltr'>forsan</span> <span class='ocrx_word' id='word_1_74' title='bbox 417 1711 615 1787; x_wconf 87' lang='lat' dir='ltr'><strong>videbitur:</strong></span> <span class='ocrx_word' id='word_1_75' title='bbox 641 1712 942 1812; x_wconf 87' lang='lat' dir='ltr'><strong>Hippocraticum</strong></span> <span class='ocrx_word' id='word_1_76' title='bbox 959 1711 1058 1784; x_wconf 88' lang='lat' dir='ltr'><strong>enirn</strong></span> <span class='ocrx_word' id='word_1_77' title='bbox 1167 1797 1170 1804; x_wconf 21' lang='grc' dir='ltr'>ι</span> 
     </span>
    </p>
   </div>
   <div class='ocr_carea' id='block_1_4' title="bbox 94 1830 1155 3854">
    <p class='ocr_par' dir='ltr' id='par_1_5' title="bbox 94 1830 1155 3854">
     <span class='ocr_line' id='line_1_13' title="bbox 95 1830 1057 1927; baseline -0.002 -24"><span class='ocrx_word' id='word_1_78' title='bbox 95 1846 144 1903; x_wconf 85' lang='lat' dir='ltr'><strong>est</strong></span> <span class='ocrx_word' id='word_1_79' title='bbox 167 1835 400 1925; x_wconf 72' lang='lat' dir='ltr'><strong>enuntiatum</strong></span> <span class='ocrx_word' id='word_1_80' title='bbox 424 1835 458 1905; x_wconf 90' lang='lat' dir='ltr'><strong>ei</strong></span> <span class='ocrx_word' id='word_1_81' title='bbox 485 1835 722 1922; x_wconf 83' lang='lat' dir='ltr'><strong>coniecturae</strong></span> <span class='ocrx_word' id='word_1_82' title='bbox 730 1831 886 1905; x_wconf 87' lang='lat' dir='ltr'><strong>maxime</strong></span> <span class='ocrx_word' id='word_1_83' title='bbox 913 1830 1057 1927; x_wconf 82' lang='lat' dir='ltr'><strong>savena,</strong></span> 
     </span>
     <span class='ocr_line' id='line_1_14' title="bbox 94 1949 1056 2050; baseline -0.002 -28"><span class='ocrx_word' id='word_1_84' title='bbox 94 1952 284 2038; x_wconf 74' lang='lat' dir='ltr'><strong>tenoribus</strong></span> <span class='ocrx_word' id='word_1_85' title='bbox 311 1954 437 2050; x_wconf 79' lang='lat' dir='ltr'><strong>etiam,</strong></span> <span class='ocrx_word' id='word_1_86' title='bbox 462 1953 503 2026; x_wconf 91' lang='lat' dir='ltr'><strong>ni</strong></span> <span class='ocrx_word' id='word_1_87' title='bbox 526 1951 655 2050; x_wconf 82' lang='lat' dir='ltr'><strong>fallor,</strong></span> <span class='ocrx_word' id='word_1_88' title='bbox 681 1963 891 2050; x_wconf 71' lang='lat' dir='ltr'><strong>acceptum,</strong></span> <span class='ocrx_word' id='word_1_89' title='bbox 916 1949 1056 2048; x_wconf 79' lang='lat' dir='ltr'><strong>equites</strong></span> 
     </span>
     <span class='ocr_line' id='line_1_15' title="bbox 94 2067 1058 2172; baseline -0.002 -28"><span class='ocrx_word' id='word_1_90' title='bbox 94 2071 247 2171; x_wconf 83' lang='lat' dir='ltr'><strong>pedum,</strong></span> <span class='ocrx_word' id='word_1_91' title='bbox 284 2073 434 2172; x_wconf 86' lang='lat' dir='ltr'><strong>opifices</strong></span> <span class='ocrx_word' id='word_1_92' title='bbox 462 2069 700 2164; x_wconf 82' lang='lat' dir='ltr'><strong>brachiorum</strong></span> <span class='ocrx_word' id='word_1_93' title='bbox 730 2071 873 2170; x_wconf 82' lang='lat' dir='ltr'><strong>saepius</strong></span> <span class='ocrx_word' id='word_1_94' title='bbox 899 2067 1058 2168; x_wconf 76' lang='lat' dir='ltr'><strong>paralysi</strong></span> 
     </span>
     <span class='ocr_line' id='line_1_16' title="bbox 95 2161 1060 2287; baseline 0.001 -27"><span class='ocrx_word' id='word_1_95' title='bbox 95 2189 192 2264; x_wconf 88' lang='lat' dir='ltr'><strong>affici.</strong></span> <span class='ocrx_word' id='word_1_96' title='bbox 218 2192 361 2268; x_wconf 86' lang='lat' dir='ltr'><strong>Forsan</strong></span> <span class='ocrx_word' id='word_1_97' title='bbox 385 2216 472 2268; x_wconf 84' lang='lat' dir='ltr'><strong>vero</strong></span> <span class='ocrx_word' id='word_1_98' title='bbox 498 2191 546 2262; x_wconf 89' lang='lat' dir='ltr'><strong>ad</strong></span> <span class='ocrx_word' id='word_1_99' title='bbox 570 2161 769 2262; x_wconf 73' lang='lat' dir='ltr'><strong>medullam</strong></span> <span class='ocrx_word' id='word_1_100' title='bbox 793 2191 915 2287; x_wconf 88' lang='lat' dir='ltr'><strong>potius</strong></span> <span class='ocrx_word' id='word_1_101' title='bbox 939 2213 1060 2263; x_wconf 86' lang='lat' dir='ltr'><strong>recur-</strong></span> 
     </span>
     <span class='ocr_line' id='line_1_17' title="bbox 94 2306 1059 2410; baseline 0.001 -31"><span class='ocrx_word' id='word_1_102' title='bbox 94 2311 243 2382; x_wconf 86' lang='lat' dir='ltr'><strong>rendum</strong></span> <span class='ocrx_word' id='word_1_103' title='bbox 270 2311 420 2410; x_wconf 77' lang='lat' dir='ltr'><strong>eiusque</strong></span> <span class='ocrx_word' id='word_1_104' title='bbox 450 2308 614 2384; x_wconf 83' lang='lat' dir='ltr'><strong>dextram·</strong></span> <span class='ocrx_word' id='word_1_105' title='bbox 643 2321 785 2408; x_wconf 87' lang='lat' dir='ltr'><strong>partem</strong></span> <span class='ocrx_word' id='word_1_106' title='bbox 818 2312 831 2399; x_wconf 92' lang='lat'>(</span> <span class='ocrx_word' id='word_1_107' title='bbox 843 2306 891 2380; x_wconf 89' lang='lat' dir='ltr'><strong>ad</strong></span> <span class='ocrx_word' id='word_1_108' title='bbox 921 2307 1059 2381; x_wconf 82' lang='lat' dir='ltr'><strong>cerebri</strong></span> 
     </span>
     <span class='ocr_line' id='line_1_18' title="bbox 95 2413 1056 2530; baseline 0 -32"><span class='ocrx_word' id='word_1_109' title='bbox 95 2413 313 2528; x_wconf 83' lang='lat' dir='ltr'><strong>analogiam)</strong></span> <span class='ocrx_word' id='word_1_110' title='bbox 339 2455 425 2530; x_wconf 90' lang='lat' dir='ltr'><strong>prae</strong></span> <span class='ocrx_word' id='word_1_111' title='bbox 441 2430 583 2502; x_wconf 84' lang='lat' dir='ltr'><strong>sinistra</strong></span> <span class='ocrx_word' id='word_1_112' title='bbox 600 2428 827 2526; x_wconf 87' lang='lat' dir='ltr'><strong>congestioni</strong></span> <span class='ocrx_word' id='word_1_113' title='bbox 852 2440 891 2499; x_wconf 91' lang='lat' dir='ltr'><strong>et</strong></span> <span class='ocrx_word' id='word_1_114' title='bbox 915 2426 1056 2500; x_wconf 87' lang='lat' dir='ltr'><strong>inflam-</strong></span> 
     </span>
     <span class='ocr_line' id='line_1_19' title="bbox 94 2546 1059 2648; baseline -0.003 -28"><span class='ocrx_word' id='word_1_115' title='bbox 94 2551 243 2625; x_wconf 87' lang='lat' dir='ltr'><strong>mationi</strong></span> <span class='ocrx_word' id='word_1_116' title='bbox 277 2552 391 2648; x_wconf 88' lang='lat' dir='ltr'><strong>magia</strong></span> <span class='ocrx_word' id='word_1_117' title='bbox 421 2549 616 2624; x_wconf 87' lang='lat' dir='ltr'><strong>obnoxiam</strong></span> <span class='ocrx_word' id='word_1_118' title='bbox 650 2573 754 2646; x_wconf 23' lang='lat' dir='ltr'><strong>resse,</strong></span> <span class='ocrx_word' id='word_1_119' title='bbox 788 2546 1059 2638; x_wconf 74' lang='lat' dir='ltr'><strong>conficiendum</strong></span> 
     </span>
     <span class='ocr_line' id='line_1_20' title="bbox 96 2663 1059 2770; baseline -0.003 -30"><span class='ocrx_word' id='word_1_120' title='bbox 96 2670 173 2768; x_wconf 80' lang='lat' dir='ltr'><strong>erit,</strong></span> <span class='ocrx_word' id='word_1_121' title='bbox 199 2668 303 2770; x_wconf 88' lang='lat' dir='ltr'><strong>quod</strong></span> <span class='ocrx_word' id='word_1_122' title='bbox 329 2668 478 2769; x_wconf 88' lang='lat' dir='ltr'><strong>quidem</strong></span> <span class='ocrx_word' id='word_1_123' title='bbox 503 2681 756 2770; x_wconf 71' lang='lat' dir='ltr'><strong>praeterquam</strong></span> <span class='ocrx_word' id='word_1_124' title='bbox 788 2666 889 2769; x_wconf 83' lang='lat' dir='ltr'><strong>qood</strong></span> <span class='ocrx_word' id='word_1_125' title='bbox 919 2663 1059 2752; x_wconf 76' lang='lat' dir='ltr'><strong>celebri</strong></span> 
     </span>
     <span class='ocr_line' id='line_1_21' title="bbox 97 2789 1058 2890; baseline 0.009 -33"><span class='ocrx_word' id='word_1_126' title='bbox 97 2789 258 2890; x_wconf 86' lang='lat' dir='ltr'><strong>analogia</strong></span> <span class='ocrx_word' id='word_1_127' title='bbox 284 2789 511 2890; x_wconf 80' lang='lat' dir='ltr'><strong>defenditur,</strong></span> <span class='ocrx_word' id='word_1_128' title='bbox 537 2817 581 2866; x_wconf 90' lang='lat' dir='ltr'><strong>eo</strong></span> <span class='ocrx_word' id='word_1_129' title='bbox 597 2793 708 2864; x_wconf 87' lang='lat' dir='ltr'><strong>etiam</strong></span> <span class='ocrx_word' id='word_1_130' title='bbox 723 2792 801 2864; x_wconf 86' lang='lat' dir='ltr'><strong>veri</strong></span> <span class='ocrx_word' id='word_1_131' title='bbox 824 2792 938 2888; x_wconf 82' lang='lat' dir='ltr'><strong>magis</strong></span> <span class='ocrx_word' id='word_1_132' title='bbox 963 2790 1058 2866; x_wconf 61' lang='lat' dir='ltr'><strong>simis</strong></span> 
     </span>
     <span class='ocr_line' id='line_1_22' title="bbox 97 2903 1058 3012; baseline 0.004 -36"><span class='ocrx_word' id='word_1_133' title='bbox 97 2903 127 2979; x_wconf 87' lang='lat' dir='ltr'><strong>le</strong></span> <span class='ocrx_word' id='word_1_134' title='bbox 152 2934 230 2983; x_wconf 85' lang='lat' dir='ltr'><strong>esse</strong></span> <span class='ocrx_word' id='word_1_135' title='bbox 257 2909 450 3010; x_wconf 82' lang='lat' dir='ltr'><strong>probatur,</strong></span> <span class='ocrx_word' id='word_1_136' title='bbox 472 2911 576 3012; x_wconf 90' lang='lat' dir='ltr'><strong>quod</strong></span> <span class='ocrx_word' id='word_1_137' title='bbox 591 2913 726 2986; x_wconf 82' lang='lat' dir='ltr'><strong>sinistri</strong></span> <span class='ocrx_word' id='word_1_138' title='bbox 741 2911 862 2986; x_wconf 84' lang='lat' dir='ltr'><strong>lateris</strong></span> <span class='ocrx_word' id='word_1_139' title='bbox 888 2907 1058 2984; x_wconf 68' lang='lat' dir='ltr'><strong>nervosas</strong></span> 
     </span>
     <span class='ocr_line' id='line_1_23' title="bbox 97 3027 1060 3131; baseline 0.002 -33"><span class='ocrx_word' id='word_1_140' title='bbox 97 3042 213 3124; x_wconf 90' lang='lat' dir='ltr'><strong>partes</strong></span> <span class='ocrx_word' id='word_1_141' title='bbox 241 3029 383 3103; x_wconf 81' lang='lat' dir='ltr'><strong>facilius</strong></span> <span class='ocrx_word' id='word_1_142' title='bbox 408 3056 494 3131; x_wconf 86' lang='lat' dir='ltr'><strong>prae</strong></span> <span class='ocrx_word' id='word_1_143' title='bbox 519 3033 563 3104; x_wconf 90' lang='lat' dir='ltr'><strong>iis</strong></span> <span class='ocrx_word' id='word_1_144' title='bbox 590 3031 707 3105; x_wconf 84' lang='lat' dir='ltr'><strong>dextri</strong></span> <span class='ocrx_word' id='word_1_145' title='bbox 732 3029 870 3104; x_wconf 85' lang='lat' dir='ltr'><strong>turbari</strong></span> <span class='ocrx_word' id='word_1_146' title='bbox 900 3029 970 3102; x_wconf 89' lang='lat' dir='ltr'><strong>alia</strong></span> <span class='ocrx_word' id='word_1_147' title='bbox 996 3027 1060 3101; x_wconf 81' lang='lat' dir='ltr'><strong>de·</strong></span> 
     </span>
     <span class='ocr_line' id='line_1_24' title="bbox 97 3131 1155 3250; baseline 0.001 -32"><span class='ocrx_word' id='word_1_148' title='bbox 97 3164 318 3249; x_wconf 82' lang='lat' dir='ltr'><strong>monstrant,</strong></span> <span class='ocrx_word' id='word_1_149' title='bbox 342 3151 432 3250; x_wconf 81' lang='lat' dir='ltr'><strong>quin</strong></span> <span class='ocrx_word' id='word_1_150' title='bbox 459 3149 504 3245; x_wconf 82' lang='lat' dir='ltr'><strong>ab</strong></span> <span class='ocrx_word' id='word_1_151' title='bbox 532 3150 659 3224; x_wconf 90' lang='lat' dir='ltr'><strong>eadem</strong></span> <span class='ocrx_word' id='word_1_152' title='bbox 676 3131 791 3226; x_wconf 59' lang='lat' dir='ltr'><strong>»causa</strong></span> <span class='ocrx_word' id='word_1_153' title='bbox 822 3151 967 3248; x_wconf 78' lang='lat' dir='ltr'><strong>gravius</strong></span> <span class='ocrx_word' id='word_1_154' title='bbox 986 3173 1061 3232; x_wconf 85' lang='lat' dir='ltr'><strong>¹eas</strong></span> <span class='ocrx_word' id='word_1_155' title='bbox 1147 3135 1155 3146; x_wconf 55' lang='lat'><em>⁶</em></span> 
     </span>
     <span class='ocr_line' id='line_1_25' title="bbox 99 3265 1059 3369; baseline -0.001 -30"><span class='ocrx_word' id='word_1_156' title='bbox 99 3265 202 3368; x_wconf 87' lang='lat' dir='ltr'><strong>affligi</strong></span> <span class='ocrx_word' id='word_1_157' title='bbox 226 3269 417 3369; x_wconf 86' lang='lat' dir='ltr'><strong>probabile</strong></span> <span class='ocrx_word' id='word_1_158' title='bbox 449 3270 617 3345; x_wconf 87' lang='lat' dir='ltr'><strong>reddunt.</strong></span> <span class='ocrx_word' id='word_1_159' title='bbox 641 3271 788 3346; x_wconf 88' lang='lat' dir='ltr'><strong>-Ubi</strong></span> <span class='ocrx_word' id='word_1_160' title='bbox 820 3283 941 3342; x_wconf 88' lang='lat' dir='ltr'><strong>autem</strong></span> <span class='ocrx_word' id='word_1_161' title='bbox 966 3266 1059 3339; x_wconf 88' lang='lat' dir='ltr'><strong>haee</strong></span> 
     </span>
     <span class='ocr_line' id='line_1_26' title="bbox 98 3380 1057 3490; baseline 0.005 -37"><span class='ocrx_word' id='word_1_162' title='bbox 98 3380 311 3489; x_wconf 87' lang='lat' dir='ltr'><strong>hemiplegia</strong></span> <span class='ocrx_word' id='word_1_163' title='bbox 327 3415 404 3464; x_wconf 90' lang='lat' dir='ltr'><strong>non</strong></span> <span class='ocrx_word' id='word_1_164' title='bbox 418 3417 438 3462; x_wconf 90' lang='lat' dir='ltr'><strong>e</strong></span> <span class='ocrx_word' id='word_1_165' title='bbox 451 3389 611 3465; x_wconf 82' lang='lat' dir='ltr'><strong>medulla</strong></span> <span class='ocrx_word' id='word_1_166' title='bbox 629 3391 805 3490; x_wconf 83' lang='lat' dir='ltr'><strong>originem</strong></span> <span class='ocrx_word' id='word_1_167' title='bbox 822 3389 939 3485; x_wconf 72' lang='lat' dir='ltr'><strong>ducit,</strong></span> <span class='ocrx_word' id='word_1_168' title='bbox 955 3383 1057 3458; x_wconf 89' lang='lat' dir='ltr'><strong>haud</strong></span> 
     </span>
     <span class='ocr_line' id='line_1_27' title="bbox 100 3502 1055 3612; baseline 0.003 -39"><span class='ocrx_word' id='word_1_169' title='bbox 100 3526 177 3580; x_wconf 86' lang='lat' dir='ltr'><strong>raro</strong></span> <span class='ocrx_word' id='word_1_170' title='bbox 204 3533 311 3582; x_wconf 88' lang='lat' dir='ltr'><strong>eausa</strong></span> <span class='ocrx_word' id='word_1_171' title='bbox 337 3511 452 3584; x_wconf 85' lang='lat' dir='ltr'><strong>utitur</strong></span> <span class='ocrx_word' id='word_1_172' title='bbox 477 3514 654 3612; x_wconf 81' lang='lat' dir='ltr'><strong>organicis</strong></span> <span class='ocrx_word' id='word_1_173' title='bbox 680 3509 817 3584; x_wconf 88' lang='lat' dir='ltr'><strong>cerebri</strong></span> <span class='ocrx_word' id='word_1_174' title='bbox 842 3508 960 3604; x_wconf 75' lang='lat' dir='ltr'><strong>vitiis,</strong></span> <span class='ocrx_word' id='word_1_175' title='bbox 990 3502 1055 3577; x_wconf 88' lang='lat' dir='ltr'><strong>ab·</strong></span> 
     </span>
     <span class='ocr_line' id='line_1_28' title="bbox 101 3628 1055 3730; baseline 0.003 -35"><span class='ocrx_word' id='word_1_176' title='bbox 101 3628 274 3701; x_wconf 82' lang='lat' dir='ltr'><strong>acessibus</strong></span> <span class='ocrx_word' id='word_1_177' title='bbox 291 3655 320 3702; x_wconf 90' lang='lat' dir='ltr'><strong>e.</strong></span> <span class='ocrx_word' id='word_1_178' title='bbox 339 3657 389 3730; x_wconf 90' lang='lat' dir='ltr'><strong>gr.</strong></span> <span class='ocrx_word' id='word_1_179' title='bbox 413 3643 450 3704; x_wconf 87' lang='lat' dir='ltr'><strong>et</strong></span> <span class='ocrx_word' id='word_1_180' title='bbox 466 3634 574 3706; x_wconf 87' lang='lat' dir='ltr'><strong>variis</strong></span> <span class='ocrx_word' id='word_1_181' title='bbox 592 3630 794 3706; x_wconf 84' lang='lat' dir='ltr'><strong>tumoribus</strong></span> <span class='ocrx_word' id='word_1_182' title='bbox 811 3642 847 3714; x_wconf 82' lang='lat' dir='ltr'><strong>et</strong></span> <span class='ocrx_word' id='word_1_183' title='bbox 868 3643 956 3700; x_wconf 86' lang='lat' dir='ltr'><strong>tunc</strong></span> <span class='ocrx_word' id='word_1_184' title='bbox 973 3651 1055 3698; x_wconf 89' lang='lat' dir='ltr'><strong>eam</strong></span> 
     </span>
     <span class='ocr_line' id='line_1_29' title="bbox 101 3747 1053 3854; baseline 0.007 -37"><span class='ocrx_word' id='word_1_185' title='bbox 101 3766 174 3820; x_wconf 89' lang='lat' dir='ltr'><strong>uon</strong></span> <span class='ocrx_word' id='word_1_186' title='bbox 197 3747 381 3850; x_wconf 82' lang='lat' dir='ltr'><strong>dextrum,</strong></span> <span class='ocrx_word' id='word_1_187' title='bbox 406 3754 470 3827; x_wconf 85' lang='lat' dir='ltr'><strong>aed</strong></span> <span class='ocrx_word' id='word_1_188' title='bbox 495 3757 682 3832; x_wconf 84' lang='lat' dir='ltr'><strong>sinistrum</strong></span> <span class='ocrx_word' id='word_1_189' title='bbox 710 3751 805 3828; x_wconf 88' lang='lat' dir='ltr'><strong>latus</strong></span> <span class='ocrx_word' id='word_1_190' title='bbox 830 3749 1053 3854; x_wconf 82' lang='lat' dir='ltr'><strong>frequentius</strong></span> 
     </span>
    </p>
   </div>
   <div class='ocr_carea' id='block_1_5' title="bbox 0 0 1305 4474">
    <p class='ocr_par' dir='ltr' id='par_1_6' title="bbox 0 0 1305 4474">
     <span class='ocr_line' id='line_1_30' title="bbox 0 0 1305 4474; baseline 0 0"><span class='ocrx_word' id='word_1_191' title='bbox 0 0 1305 4474; x_wconf 95' lang='lat' dir='ltr'><strong> </strong></span> 
     </span>
    </p>
   </div>
  </div>
 </body>
</html>
