2586 4480
247 289 320 368 230

218 434 323 508 Idem
346 432 489 508 collatis
515 459 600 509 cnm
627 457 668 508 ea
692 432 746 509 ill.
772 461 817 516 nr
834 435 1021 510 Wanrum
1035 450 1072 510 et
1097 435 1178 511 alio·

219 581 303 628 rum
337 555 650 630 observationibus
684 572 827 655 praeter
862 556 1049 654 dolorem,
1086 556 1179 630 calo·

220 701 299 748 rem
325 691 361 749 et
385 676 556 751 ruborem
582 679 750 778 inprimis
777 692 958 752 tumorem
988 681 1180 777 insignem,

216 799 279 898 qui
306 823 449 898 semper
474 799 533 892 (l)
559 825 645 872 cum
671 825 713 872 ea
738 805 959 899 conjunctus
985 801 1047 898 sit,
1074 802 1180 899 spira-

216 921 326 992 tionis
366 933 403 992 et
442 919 693 1018 deglutitionis
740 919 1016 1018 difficultatem,
1057 922 1183 1020 capitis
1286 921 1287 928 '

216 1043 427 1136 gravitatem
440 1041 515 1114 sive
529 1041 796 1138 temulentiam,
818 1067 1004 1114 susurrum
1026 1044 1181 1138 aurium,
1286 1029 1287 1100 l

215 1159 527 1259 haemorrlragiam
545 1164 702 1258 narium,
728 1187 899 1261 soporem
917 1176 955 1236 et
979 1162 1183 1262 dispositio-

215 1305 301 1354 nem
326 1281 373 1354 ad
398 1283 627 1383 apoplexiam
644 1296 890 1382 symptomata
912 1283 1182 1383 pathognomo·

215 1402 298 1474 nica
323 1402 432 1502 hujus
456 1402 752 1480 inflammationis
778 1389 856 1476 esse
882 1403 1074 1502 judicavit.

291 1521 428 1596 Verum
453 1526 552 1596 enim
570 1549 656 1599 vero
674 1549 750 1598 non
763 1550 906 1624 semper
920 1523 1022 1598 illam
1039 1538 1177 1599 terren·

215 1645 346 1718 tiorem
372 1647 527 1718 formam
555 1645 708 1720 induere
740 1645 835 1719 solet
867 1644 1061 1744 synanche
1100 1647 1182 1746 thy·

200 1766 377 1866 reoidea,
403 1765 467 1838 sed
492 1767 617 1839 mitior
641 1768 750 1840 etiam
776 1770 853 1866 ejus
879 1766 1008 1863 facies,
1033 1768 1181 1866 qualem

214 1887 265 1961 ill.
289 1889 435 1960 Barmm
462 1885 643 1986 depinxit,
660 1885 706 1959 ab
724 1887 802 1960 aliis
828 1884 1018 1960 observata
1035 1866 1105 1960 esi.
1126 1889 1181 1960 Sic
1286 1873 1287 1954 Ῐ

212 2007 250 2082 h.
276 2007 469 2082 Tenemus
488 2013 535 2102 (1)
553 2007 653 2079 illam
670 2008 801 2104 angina
819 2005 998 2079 tonsillari
1014 2008 1182 2082 iunctam

212 2125 329 2227 vidit,
350 2127 414 2203 ubi
439 2127 609 2226 glandula
631 2127 844 2227 thyreoidea
869 2127 998 2226 viginti
1024 2143 1183 2227 quatuor
1286 2171 1287 2218 5

212 2247 388 2324 horarum
412 2251 530 2351 spatio
546 2248 594 2324 ad
608 2247 895 2349 magnitudinem
909 2250 974 2323 ovi
991 2247 1182 2346 gallinacei
1286 2239 1287 2302 ἕ

213 2371 457 2470 intumuerat,
486 2369 678 2469 deglutitio
705 2383 829 2444 tamen
854 2368 955 2442 haud
977 2368 1087 2444 valde
1117 2372 1184 2444 im·

213 2490 339 2591 pedite
362 2506 460 2590 erat,
484 2492 585 2566 nulla
608 2515 698 2566 vero
722 2492 869 2593 spiritus
895 2489 1092 2564 difficultas
1127 2517 1185 2565 ac·
1286 2507 1287 2582 T

170 2631 176 2646 ’
216 2612 379 2688 cedebat.
405 2613 734 2692 Sentiebatautem
757 2611 969 2711 ¹gravitatem
994 2635 1113 2712 prope
1134 2611 1185 2686 la-
1286 2617 1287 2620 ’

213 2759 385 2832 ryngem,
410 2757 454 2806 ex
479 2747 652 2824 contactu
677 2731 888 2831 dolentem,
912 2745 950 2804 et
979 2734 1184 2806 siccitatem
1286 2811 1287 2816 ,

215 2853 342 2953 gulae,
370 2854 541 2928 tussicula
556 2837 649 2927 'tere
667 2867 843 2954 perpetua
862 2865 905 2926 et
915 2865 1077 2928 screatus
1104 2877 1184 2926 eam

215 2973 448 3074 exercebant,
474 2988 583 3076 atquc
598 2999 669 3050 vox
687 2988 724 3047 et
740 2975 922 3050 tussientis
940 2987 977 3070 et
993 2969 1179 3072 loquentis
1286 2955 1287 2974 Χ

214 3096 350 3168 minim
365 3098 406 3168 in
421 3093 574 3168 modum
598 3095 750 3170 stridula
768 3107 860 3192 erat,
880 3093 1007 3194 pulsus
1029 3091 1182 3192 paulum

217 3216 459 3316 frequentior,
485 3227 646 3288 ceterum
671 3205 768 3290 vires
789 3215 875 3286 satis
900 3211 1052 3298 validae,
1068 3212 1181 3286 Hira·

217 3333 363 3408 dinibus
378 3334 475 3408 collo
487 3336 674 3435 appositis,
688 3337 844 3412 mixtura
860 3359 904 3406 ex
915 3334 1015 3407 nitro
1030 3346 1068 3406 et
1083 3331 1187 3432 spiri·

217 3468 258 3528 tu
274 3455 468 3530 Minderen‘
483 3457 697 3556 composita,
711 3456 961 3554 gargarismate
973 3477 1017 3528 ex
1028 3451 1181 3528 decocto
1286 3483 1287 3522 ι

221 3815 262 3880 (a)
279 3813 367 3866 illidio.
386 3831 412 3868 u.
430 3800 548 3886 chirurgi
563 3807 764 3878 Bemelkungea
774 3850 782 3882 ,
800 3810 849 3866 Tu
871 3829 891 3865 r.
910 3811 936 3866 S.
953 3811 995 3878 45.
