2614 4476
291 373 297 384 ι
955 329 1002 429 87

144 463 169 546 t.
195 455 251 530 62.
280 455 381 548 Quae
401 449 582 526 sufficiant
610 450 654 524 de
680 448 807 552 pulsu,
834 473 856 522 a
882 472 955 550 quo
982 449 1030 521 ad

82 576 197 650 caloris
221 580 260 650 in
288 576 400 650 altero
425 571 548 647 tatere
567 585 740 674 respectu·
765 569 911 643 alterius
945 595 1031 644 evo·
1141 575 1144 582 “

81 699 244 772 lutionem
279 699 453 770 maiorem
484 697 709 770 minoremve
743 717 809 767 nos
842 705 1032 786 conuerta-

80 845 149 892 mus
191 832 364 934 oportet,
404 816 561 892 calorem
602 817 784 916 frigusque
821 813 867 887 ab
904 835 1033 888 eorum

81 947 204 1039 sensu,
217 963 327 1041 quem
353 939 512 1014 solorum
538 959 734 1011 nervorum
758 959 870 1034 prava
903 937 1035 1008 incita·

81 1063 124 1134 tio
148 1061 258 1160 aegris
286 1060 402 1154 affert¹
414 1060 460 1134 de
477 1083 550 1161 quo
568 1082 678 1160 supra
696 1068 907 1154 autument,
926 1055 1033 1154 longe

22 1199 23 1204 ’
81 1180 259 1256 diversum.
276 1183 528 1281 Languentem
545 1181 824 1280 vegetationem,
847 1201 918 1280 qua
938 1173 1035 1250 abla-

81 1305 124 1375 tio
147 1329 314 1405 novaque
341 1303 531 1404 appositio,
549 1301 680 1402 quibus
697 1302 849 1375 nutritio
867 1299 1034 1398 efficitur,

81 1423 203 1498 tardius
220 1424 401 1526 procedit,
419 1449 575 1525 vasaque
593 1423 715 1496 minus
733 1423 874 1497 fortiter
897 1425 938 1497 in
963 1423 1038 1496 ela-

79 1543 231 1619 boranda
256 1545 372 1620 fluida
389 1560 510 1646 agunt,
527 1569 716 1647 nunquam
735 1545 808 1619 fere
826 1571 902 1619 non
919 1549 1035 1622 maius

80 1665 180 1766 frigus
214 1671 423 1744 comitatur.
449 1659 546 1741 Hine
580 1663 752 1767 frigidum
785 1667 859 1741 fere
889 1691 1043 1767 semper

80 1765 290 1890 hemiplegia
316 1788 516 1864 resolutum
542 1789 636 1864 latus
662 1775 716 1874 esi
743 1814 785 1862 ac
818 1789 918 1863 adeo
943 1788 1038 1887 alget

81 1909 283 2009 interdum,
316 1925 358 1984 ut
398 1911 510 2011 frigus
546 1935 641 2012 pene
665 1913 725 2008 ¹sit
761 1908 1037 2012 atmospherae:
1089 1939 1092 1946 ¹

80 2030 199 2130 frigida
225 2033 340 2106 etiam
364 2031 467 2105 haud
490 2057 574 2106 raro
604 2031 650 2104 ad
683 2043 860 2112 attactum
891 2028 1038 2104 alterius

80 2149 384 2228 lateris'memhra
418 2169 520 2252 sunt,
554 2177 709 2256 quorum
742 2166 863 2227 motus
897 2175 1039 2226 sensus-

80 2299 142 2372 que
167 2276 215 2348 ad
238 2288 385 2378 'partem
411 2289 554 2349 tantum
579 2265 818 2373 interierunt,
852 2299 943 2374 quae
969 2287 1047 2366 tor-¹,

80 2410 162 2492 pent
187 2412 223 2470 et
250 2409 401 2498 stupent
434 2402 494 2490 (ι),
524 2395 599 2470 Neo
631 2394 937 2498 praetereundum
962 2409 1040 2494 est,

80 2519 180 2592 etiam
202 2521 246 2592 in
274 2516 540 2617 hystericamm
565 2519 697 2600 summi
722 2517 865 2616 frigoris
893 2517 1069 2592 calone»

79 2663 141 2737 que
166 2653 279 2713 seusu
302 2663 368 2740 per
392 2628 585 2711 dimidium
611 2659 742 2740 eorpus
771 2635 943 2736 molesto,
977 2640 1040 2737 qui

78 2749 287 2862 pierumque
314 2761 361 2832 ad
386 2757 482 2856 solos
509 2785 638 2836 nervos
653 2761 822 2861 pertinet,
845 2758 1040 2857 interdum,

79 2884 127 2952 ui
150 2885 190 2956 in
216 2873 386 2957 Peohiini
411 2907 519 2985 supra
545 2876 652 2956 allata
688 2881 958 2980 observatione,
987 2885 1042 2982 ip-

79 3025 149 3104 sam
173 3007 336 3110 partium
370 3007 581 3106 temperiem
615 3003 842 3105 aliquantum
870 3005 1042 3076 immuta·

80 3137 148 3196 tam
165 3151 253 3199 esse.
272 3107 544 3227 Nonnunquam
560 3129 688 3225 etiam,
707 3125 771 3199 ubi
796 3126 898 3202 nervi
920 3126 1051 3215 minus·

83 3237 201 3342 aperte
228 3241 377 3321 affectos
402 3271 478 3321 sese
510 3246 726 3346 ostendunt,
751 3273 818 3347 per
847 3245 1042 3318 dimidium

420 3513 735 3540 ψ

86 3673 121 3737 (1)
137 3671 262 3726 Pacuuuu
281 3673 384 3726 observ.
402 3673 478 3746 phys.
496 3672 565 3726 med.
584 3672 642 3730 tib.
663 3673 694 3728 11.
717 3673 773 3726 ohe.
796 3671 836 3739 54.
858 3689 884 3742 p.
907 3647 964 3736 341}
985 3663 1038 3723 'tbi-

139 3761 217 3828 dem,
234 3782 251 3814 u
268 3761 396 3831 vidimus,
414 3762 515 3833 iuquit,
532 3761 650 3834 profecto
668 3763 715 3815 uhi
739 3761 818 3816 unius
841 3761 929 3820 lateris
952 3767 1039 3814 extre·

140 3851 288 3910 raum‘er‘at
305 3850 399 3920 frigus,
418 3849 531 3906 ultorum
549 3843 668 3904 caluisse:
685 3872 703 3900 n
