2594 4474
1009 299 1062 344 vlt

113 391 414 523 relinquant.
463 393 630 522 Quare
687 383 833 523 saepe
882 389 1096 492 aliorum

114 545 556 674 periclitationibus
579 549 796 677 decepti,
821 577 961 642 suam
987 580 1103 678 pro-l

115 700 281 828 priam
330 702 685 828 experientiam
720 697 1014 816 consulunt,
1029 764 1032 772 ·
1050 719 1099 796 et

116 853 443 984 plerumque,
480 852 593 949 lieet
632 851 802 968 inviti,
840 851 902 948 ad
936 855 1092 982 pristi-

115 1041 237 1104 nam
286 1005 521 1104 medendi
555 1003 955 1135 simplieitatem,
998 1041 1099 1138 qua

114 1192 433 1289 summopere
456 1180 630 1256 natura
645 1159 877 1256 delectari
897 1191 1100 1259 cousue-

115 1316 220 1428 vit,
255 1312 414 1408 redire
447 1293 707 1444 coguntur.
743 1309 803 1408 Id
837 1317 889 1410 in
924 1314 1100 1442 primis

115 1465 514 1564 animadvertant
548 1469 758 1581 tirones,
795 1487 857 1564 ne
890 1467 1101 1564 ereduli-

16 1741 20 1747 .
114 1625 231 1722 tatis
257 1623 438 1716 nimiae
462 1653 543 1716 eos
565 1623 767 1718 tandem
789 1625 1050 1750 poeniteat.
1070 1659 1098 1709 a

176 1773 624 1902 Quemadmodum
648 1777 1000 1902 descriptiones
1023 1780 1102 1872 iti-

117 1962 323 2040 nerum,
359 1962 418 2023 ec
448 1933 712 2058 praecipue
732 1923 844 2024 fine
879 1926 1101 2057 pervolui

115 2082 306 2197 solent,
343 2101 401 2178 ut
434 2080 550 2178 inde
584 2083 646 2177 de
682 2080 905 2180 moribus
940 2085 1100 2212 regio-³

116 2269 246 2354 num
281 2257 587 2334 remotarum
612 2243 900 2367 acquiratur
933 2242 1098 2356 noti03

116 2393 188 2484 ita
231 2421 432 2518 quoque
482 2388 545 2484 ab
595 2389 845 2518 opusculis
892 2385 1099 2486 medicis

118 2542 257 2670 apud
304 2561 495 2640 exteros
544 2539 785 2657 collectis,
836 2547 1105 2673 praecipue

117 2695 374 2791 notionem
406 2694 471 2790 de
504 2693 692 2791 morbis
727 2698 984 2826 regionum
1018 2733 1100 2792 re·

119 2868 374 2944 motarum
409 2852 575 2978 expeti
621 2865 762 2977 posse
803 2853 1098 2948 existimavi,

120 2999 235 3100 Nec
285 3002 373 3117 id,
423 3003 475 3097 ni
523 2999 703 3111 fallor,
762 3005 865 3098 sine
918 3037 1102 3132 magno·

120 3153 306 3250 fructu.
353 3153 708 3286 Praeterquam
766 3155 903 3286 quod
958 3163 1102 3254 notio

104 3301 401 3404 ¹istiusmodi
458 3306 708 3404 medicum
759 3307 1015 3406 excultum
1069 3346 1096 3407 a
1295 3405 1296 3424 ἦ

123 3460 265 3588 plebe
299 3460 596 3588 collegarum
631 3459 917 3591 distinguit,
953 3458 1131 3572 ellrci-⁸
1210 3580 1213 3585 Ι
1294 3509 1295 3598 3

123 3619 386 3726 turetiam
421 3615 565 3729 inde,
602 3634 666 3746 ut¹
700 3613 863 3712 morbi
910 3603 1097 3746 patriae
1294 3601 1295 3630 Ν

125 3771 327 3898 propius
354 3787 730 3900 cognoscantur..
751 3763 1017 3898 Tractatus-
1035 3770 1096 3864 de
1119 3852 1123 3858 .
