2614 4476
955 285 1021 378 143

93 405 266 480 musculos
293 405 539 480 abdominales
555 403 776 504 adipemque
793 404 871 476 reni
895 405 1048 478 circum·

93 527 245 625 positum
270 551 504 626 permagnam
529 527 756 626 pressionem
773 549 848 596 esse
868 549 944 598 non
970 549 1051 625 pos·

96 671 146 742 se,
171 645 278 720 lienis
302 647 467 746 exemplo
494 646 763 746 cognoscimus,
787 669 897 746 quarn
922 668 1052 745 parum

98 779 218 838 natura
250 769 290 842 in
321 766 558 867 disponendis
590 764 792 840 visceribus
831 766 1055 865 pressionem

98 899 228 959 metuat
253 901 292 960 et
317 885 444 985 evitet,
469 913 537 960 neo
562 887 632 986 ipsi
657 887 736 959 reni
763 885 854 958 adeo
879 885 1055 962 infestam

99 1009 315 1104 pressionem
342 1033 420 1081 esse
444 1033 488 1081 ex
513 1031 556 1080 eo
582 1006 778 1102 discimus,
812 1004 913 1104 quod
947 1030 1055 1080 nemo

98 1125 268 1199 foeminas
304 1128 511 1227 frequenter
544 1139 688 1200 uterum
721 1138 882 1223 gerentes
915 1124 1055 1198 calculo

100 1267 178 1341 prae
204 1251 335 1322 ceteris
361 1248 535 1322 obnoxias
562 1247 671 1319 dicat.

165 1373 189 1454 §.
224 1367 304 1442 105.
343 1369 498 1467 Propter
532 1389 700 1440 vasorum
739 1363 1059 1463 distributionem,

100 1495 133 1553 et
157 1484 358 1560 faciliorem
376 1486 526 1586 quidem
543 1486 727 1583 sanguinis
753 1510 796 1558 ex
821 1509 907 1558 rene
934 1485 1060 1562 dextro

100 1605 391 1699 perbreviorem
417 1619 454 1678 et
478 1604 686 1679 liberiorem
710 1630 842 1681 venam
876 1605 1062 1702 emulgen-

103 1733 171 1794 tem
195 1725 392 1822 refluxum,
417 1725 532 1799 ra'rius
557 1725 657 1798 huno
674 1749 800 1796 renem
817 1722 926 1821 allici,
943 1726 1062 1822 primo

104 1837 263 1919 Humano
292 1846 339 1935 (1)
367 1848 406 1918 in
432 1859 592 1918 mentem
618 1847 734 1942 venit,
752 1845 811 1916 cui
829 1843 1063 1917 Monoaonrus

104 1959 229 2038 deinde
255 1966 365 2067 plane
391 1991 554 2040 assensus
580 1978 642 2036 est.
662 1967 861 2036 Senunztus
878 1977 917 2064 et
931 1963 1062 2036 Kisse-

104 2103 286 2162 warrrn'us
301 2089 363 2184 (a),
377 2085 472 2160 lrarrc
490 2086 707 2159 sententiam
723 2083 881 2183 amplius
898 2107 1079 2189 persecuf,

105 2202 146 2298 ti,
171 2206 317 2279 sinistro
342 2207 382 2278 in
406 2231 492 2279 rene
514 2229 659 2278 necesse
685 2229 761 2276 esse
788 2202 929 2276 facilius
957 2229 1067 2303 quam

105 2320 141 2392 in
172 2325 300 2400 dextro
338 2328 550 2426 sanguinem
588 2327 734 2424 congeri
758 2339 879 2424 atquc
912 2328 1067 2424 stagnani

107 2443 414 2542 existimaverunt,
440 2459 631 2546 propterea
647 2444 749 2544 quod
773 2470 839 2545 per
864 2444 1069 2520 breviorem

107 2571 207 2661 atque
231 2566 348 2640 rarius
363 2555 625 2638 dextra‘ramos
646 2566 874 2638 emittentem
896 2566 1066 2640 arteriam

108 2681 262 2758 renalem
288 2685 469 2756 sinistram
495 2686 601 2758 citius
627 2697 664 2757 et
684 2685 789 2784 prius
813 2685 854 2756 in
878 2682 983 2755 illum
1008 2684 1067 2755 in-

109 2809 190 2899 tret,
206 2802 388 2878 difficilius
405 2829 491 2878 vero
502 2827 572 2904 per
588 2823 721 2880 venam
736 2829 780 2877 ex
797 2828 841 2878 eo
858 2803 1069 2903 revehatur,

110 2932 231 3019 utpote
258 2947 351 3023 quae
376 2937 414 2998 et
436 2921 580 3023 longior
610 2927 656 2998 sit
688 2924 829 3020 dextra,
864 2934 901 2996 et
926 2937 1067 2996 aortam

109 3037 310 3134 pulsantem
327 3044 603 3144 superscandat,
620 3057 672 3143 et,
689 3043 790 3144 quod
808 3044 952 3115 maximi
967 3045 1071 3116 aestt

111 3177 269 3262 marum,
295 3167 566 3264 spermaticam,
592 3162 860 3266 suprarenalem
878 3162 1071 3262 pluresque

112 3281 266 3362 minores
290 3283 398 3358 huius
423 3284 545 3360 lateris
569 3309 697 3384 venas,
724 3285 850 3358 dextro
886 3287 926 3356 in
959 3283 1088 3356 latere·

435 3542 753 3568 m

120 3697 200 3760 (itta
218 3713 281 3758 nota
296 3704 331 3757 ad
347 3705 504 3762 Bosnwu
522 3703 606 3760 instit.
625 3703 644 3762 l·
664 3718 689 3764 ct

127 3786 162 3852 (²)
180 3788 211 3846 lu
229 3790 334 3849 dissert.
352 3793 425 3850 citat
