2586 4480
1001 289 1067 364 ¹97

130 383 272 460 acunor
310 381 461 456 evadere
495 381 603 458 solet,
631 381 786 456 Maxime
825 383 954 468 eximie
988 408 1094 482 vero,

128 502 199 576 hoc
216 502 330 578 modo
348 503 417 578 sibi
433 505 602 605 opposita
618 528 694 577 esse
719 503 850 600 latera,
868 505 1099 604 conspicitur·

127 627 167 701 in
194 627 338 723 orario,
364 650 385 697 a
411 626 553 698 sinistra
572 623 620 696 ad
644 622 852 725 hydropem
868 628 1093 724 praesertim,

127 771 151 819 a
174 745 300 820 dextra
334 743 382 818 ad
414 743 710 842 degenerationes
742 745 865 843 potius
900 741 1093 840 tendente,

129 891 220 964 quae
231 839 384 938 nonnisi
403 863 615 938 efficientiae
640 863 812 963 plasticae
830 865 876 937 ab
893 862 1093 940 inflamma·

129 990 229 1062 tione
255 985 428 1060 chronica
448 985 557 1058 nimis
581 986 753 1058 incitatae
780 983 904 1066 deberi
928 997 1097 1082 possunt,

60 1178 64 1181 ,
128 1106 285 1190 Multum
310 1130 397 1182 vero
423 1105 543 1196 abest,
569 1106 660 1204 quin
692 1105 926 1205 oppositione
958 1102 1090 1200 hacce,

127 1228 238 1304 etiam
261 1252 330 1325 pro
355 1226 482 1324 exigua
507 1239 631 1298 nostra
656 1227 807 1298 rationis
830 1238 1025 1324 utrumque
1041 1223 1095 1296 la-.

126 1361 186 1421 tus
210 1346 469 1420 intercedentis
495 1347 703 1445 cognitione
711 1334 871 1446 ,omnia
897 1371 917 1418 e
951 1347 1094 1445 spacia.

125 1468 222 1544 libus
257 1453 417 1567 partium
450 1466 723 1542 conditionibus
760 1493 837 1540 raon
873 1467 1088 1566 exponenda

126 1586 492 1689 comprehendantur.
518 1589 618 1679 Quin
650 1588 807 1666 alterum¹
830 1590 870 1661 iu
902 1586 1088 1687 pulmoni·

125 1707 199 1786 bas
221 1707 369 1782 offertur
385 1706 544 1781 hominis
561 1708 676 1780 dextri
693 1721 730 1780 et
745 1708 880 1780 sinistri
901 1721 1092 1806 aegrotam

126 1828 166 1902 di
179 1827 281 1903 modi
296 1827 511 1922 discrimen,
528 1827 629 1927 quod
645 1829 754 1900 etiam
770 1828 810 1899 in
828 1825 907 1900 aliis
922 1826 1093 1927 partibus.

16 1952 19 1961 '
126 1948 250 2026 forsan
275 1947 539 2025 demonstrabit
564 1948 714 2020 ulterior
733 1943 939 2045 indagatio,
964 1948 1015 2018 ita
1042 1948 1095 2018 se-.

125 2093 227 2166 rens,
252 2081 294 2144 ut
316 2071 367 2141 in.
381 2068 492 2143 latere
510 2068 636 2142 dextro
653 2067 802 2140 morbus
819 2057 935 2141 lenior
952 2068 1092 2151 minus-,-

63 2253 66 2256 ,
127 2213 198 2287 que
224 2202 349 2262 acutus
374 2214 450 2262 esse
481 2189 595 2264 soleat
620 2214 664 2260 ac
684 2191 724 2260 in
749 2189 915 2286 sinistro,
942 2187 1103 2270 dextros

126 2311 225 2382 enim
249 2308 467 2410 pulmonum
490 2308 596 2384 labos
622 2310 834 2410 praesertim
853 2308 950 2382 lente
966 2332 1088 2407 prore,-¹

123 2454 215 2528 pens
239 2428 478 2504 inflammatio
508 2442 545 2502 et
576 2430 789 2530 suppuratio
821 2431 862 2502 in
894 2427 1086 2528 phthisicis

125 2551 348 2650 depascitur,
374 2549 463 2623 dum
488 2550 700 2648 amphssimi
726 2548 913 2623 abscessus
938 2549 980 2645 in
1001 2549 1087 2620 sini·

124 2675 208 2746 stris
232 2672 374 2772 saepius
399 2672 614 2744 exoriantur.
632 2673 688 2743 Eo
706 2684 828 2742 tamen
846 2693 914 2742 nos
931 2669 1091 2748 attendit,

30 2800 37 2819 ¹
123 2792 186 2865 illa
198 2847 209 2889 ,
233 2793 499 2892 vegetationem
532 2791 649 2867 dextri
680 2789 824 2888 lateris,
850 2803 892 2862 ut
914 2770 1086 2862 sectionis

121 2915 262 3016 primae
288 2911 474 2985 nonnullis
498 2910 589 2984 locis
611 2911 665 3009 (1)
682 2913 754 2982 iam
779 2912 903 3007 innui,
928 2933 1015 3007 prae
1040 2934 1083 2980 ea

123 3032 260 3106 sinistri
285 3033 414 3105 maiori
439 3031 612 3104 excellere
644 3031 683 3105 vi
714 3044 751 3104 et
775 3031 941 3127 energia,
966 3029 1016 3098 ita
1042 3042 1084 3100 ut

124 3153 241 3232 rarius
267 3149 430 3249 deficiat,
455 3151 582 3228 eadem
598 3176 641 3224 ex
662 3175 770 3222 causa
795 3161 916 3222 autem
943 3146 1084 3220 facilius

122 3273 237 3344 etiam
258 3270 466 3344 luxurietur.
483 3272 606 3371 Aquae
626 3273 724 3344 enim
742 3269 1008 3352 exhalationem
1025 3293 1091 3346 au-‚

124 3407 222 3466 ctam
238 3391 367 3464 debilis
383 3394 437 3466 vis
454 3392 691 3503 productivae
704 3393 847 3490 signum
862 3387 1083 3484 iudicamus,

460 3630 761 3657 -t—a-t--ss-u-

127 3775 168 3836 (r)
187 3769 213 3838 S.
231 3769 272 3822 81.
295 3769 349 3822 130.
371 3771 424 3823 131.
