2594 4474
243 225 302 300 32·

209 359 334 418 ‘autem
358 339 487 416 Haemi
512 339 739 414 enuntiatum
758 339 963 414 confirmati
986 339 1056 414 sibi
1082 366 1178 416 asse·

112 456 116 466 k
213 466 288 538 ruit
303 463 489 536 revocanti
505 460 697 561 plurimos,
716 486 807 562 quos
823 460 966 559 adimit,
984 461 1180 562 apoplecti·

47 611 51 616 ·
135 615 152 642 ν
215 609 288 658 cos.
306 583 408 656 Idem
429 582 688 682 expatiantium
708 607 746 654 se
765 581 1180 680 edocuisse.lll.H1um‚

153 755 155 759 -
214 706 275 806 pia
301 717 422 792 melate
448 702 623 776 colendus
647 716 878 803 praeceptor,
894 703 942 774 in
968 701 1180 802 praelectio·

215 824 322 898 nibus
347 823 453 897 uobis
480 822 644 920 tradidit,
660 821 828 922 idemque
846 820 959 894 etalii
984 820 1180 920 probatum
1240 857 1245 864 ·
1286 819 1287 832 ¹

216 943 432 1020 habueruut.
458 943 599 1036 Quibus
616 943 748 1041 addas,
771 945 1015 1017 Monosomuu
1033 949 1081 1033 (ι)
1107 944 1181 1016 iam

210 1067 405 1166 'reperisse‚
431 1061 686 1165 hemiplegiam
712 1089 755 1137 ex
780 1061 967 1164 apoplexia
993 1087 1078 1136 vere
1103 1089 1182 1136 san·

217 1173 346 1282 guiuea
371 1185 556 1258 sinistrum
581 1184 675 1256 latus
700 1209 785 1284 prae
811 1182 937 1256 dextro
963 1184 1105 1282 saepius
1132 1183 1180 1255 as·

217 1307 335 1377 ticum.¹
368 1305 494 1404 Ratio,
529 1331 599 1404 qua
633 1304 798 1377 dextrum
822 1303 916 1377 latus
946 1303 1181 1402 apopleoticis

219 1424 442 1523 frequentius
466 1450 552 1525 prae
570 1426 715 1499 sinistro
733 1423 864 1497 resolvi
890 1424 1052 1496 Comuus
1079 1425 1180 1497 iuve-

218 1545 290 1642 nit,
315 1547 436 1617 minor
464 1559 521 1618 est
549 1557 657 1644 atque
683 1571 703 1616 e
729 1553 878 1617 casuum
912 1545 1019 1616 nimis
1051 1546 1180 1647 exiguo

217 1687 370 1738 nummo
390 1663 519 1742 hausta
535 1691 719 1764 penesque
733 1689 841 1764 supra
859 1665 1066 1736 nonainatos
1081 1667 1195 1744 viros*

218 1786 339 1890 minos
363 1797 419 1858 est
436 1787 647 1882 auotoritas,
665 1811 774 1884 quam
795 1785 989 1858 usnemu
1007 1783 1182 1857 'accurate

218 1903 441 2000 observantis
466 1905 600 1978 medici
626 1929 761 1980 nomeu
786 1929 872 2004 prae
897 1930 935 1977 se
954 1904 1121 2003 ferentis,
1146 1919 1181 1978 et

137 2077 140 2110 ‚
214 2024 392 2100 horumce
409 2023 613 2101 observatio
635 2009 911 2098 inde'intirmau‘
928 2005 1061 2125 possit:
1083 2025 1182 2100 ideo·

139 2172 142 2178 ’
220 2171 309 2244 que,
332 2143 535 2244 usquedum
552 2128 737 2246 sequeutia
763 2157 925 2245 tempora
952 2144 1020 2231 alia
1047 2143 1182 2218 docue-

218 2265 314 2362 rint,
341 2269 493 2338 Zamam
523 2267 753 2339 enuntiatum
782 2264 827 2338 de
853 2263 1067 2364 hemiplegia
1094 2253 1182 2366 apo·

219 2384 458 2483 plecticorum
483 2371 608 2458 uerum
634 2384 840 2460 habeamus.

216 2547 220 2556 ·
294 2509 318 2594 §.
349 2531 404 2577 αι.
422 2505 465 2576 In
483 2503 672 2604 apoplexia
691 2530 822 2580 ttervea
837 2517 958 2578 autem
978 2506 1184 2605 systematis
1280 2585 1285 2596 ,

221 2624 412 2722 sauguiferi
437 2626 533 2698 aetio
557 2627 597 2697 in
624 2627 742 2724 capite
766 2625 981 2725 plerumque
1004 2649 1082 2696 nou
1106 2649 1185 2698 mu·

139 2792 143 2800 -
221 2757 294 2816 tata
320 2769 395 2816 esse
420 2743 581 2843 videtur,
594 2745 696 2818 unde
714 2743 901 2818 cerebrum
926 2757 1066 2816 tantam
1090 2747 1185 2818 sani·

155 2932 156 2943 ,
221 2864 304 2936 tatis
337 2865 494 2963 speciem
524 2890 611 2965 prae
645 2892 683 2938 se
717 2867 809 2943 fame
841 2863 960 2954 solet,x
986 2877 1028 2968 ut
1060 2867 1183 2938 sanius

220 2984 294 3054 fere
320 3009 491 3082 apparere
516 3009 593 3058 non
619 2988 741 3086 possit.
763 2986 806 3058 Iu
825 2983 1040 3083 hemiplegia
1066 2982 1113 3056 ab
1141 3009 1182 3057 ea

196 3159 199 3162 .
221 3103 374 3176 oriunda
397 3129 481 3178 vere
498 3129 628 3182 nerveu
646 3105 789 3180 dimidii
805 3097 1013 3206 systematis
1035 3105 1182 3178 aasrvosi

220 3221 457 3296 efficientiam.
481 3249 548 3323 per
576 3207 765 3328 seipsam
801 3224 965 3302 videmus
1001 3221 1182 3296 minoium

219 3343 438 3417 maioremva
464 3343 511 3416 ad
525 3359 668 3446 partem
684 3345 877 3444 sublatam,
903 3346 954 3420 ita
979 3341 1118 3420 scilicet
1143 3357 1186 3418 ut
1206 3411 1213 3426 ,

521 3545 885 3572 m

135 3680 138 3688 ›
224 3729 264 3792 (ι)
281 3727 309 3780 t.
328 3743 350 3779 e.
368 3724 415 3796 Ep.
434 3725 486 3784 111.
502 3743 530 3780 n.
552 3725 591 3779 ιθ.
