2586 4480
841 347 842 354 ἵ
935 291 1022 368 207..

89 387 244 462 omnibus
268 388 369 464 orbis.
389 391 565 464 temmum
582 385 726 488 populis
751 387 972 485 communis,
995 402 1037 461 ot

88 511 123 582 in
135 511 219 610 ipsis
234 508 448 584 animalibus
467 509 693 607 observatus,
710 533 829 582 merus
844 491 1036 608 antiquita·
1109 573 1113 580 .

86 643 117 701 te
132 632 287 704 sancitus
303 657 382 706 mos
399 655 629 730 nequaquam
645 628 769 703 haberi
787 630 915 728 possit,
937 628 1036 702 ades·

85 773 118 820 se
132 748 277 848 aliquod
299 749 461 849 hominis
484 749 602 824 dextri
624 763 662 822 et
679 750 815 824 sinistri
840 749 1035 822 discrimen

85 871 334 944 convincimur.
356 873 396 943 'ei
422 871 515 962 usui
547 895 624 944 non
656 868 843 968 debitum,
873 867 938 942 sed
961 869 1034 942 *in-

83 1002 199 1070 natum
223 1005 261 1066 ct
286 992 501 1092 cumipsis,
526 1014 616 1090 quas
640 988 851 1087 intercedit,
871 987 1035 1089 partibus
1087 1035 1094 1042 -

83 1110 251 1209 genitum,
277 1113 336 1185 cui
360 1099 438 1210 ipse
463 1110 532 1183 ille-
551 1110 728 1208 originem
752 1108 893 1182 debeat.
919 1105 1035 1198 Quale
1083 1121 1088 1132 ·

82 1251 276 1328 supponere
302 1257 324 1304 a
350 1245 531 1305 structura
548 1231 658 1304 etiam
675 1231 837 1330 corporis
858 1251 934 1301 non
959 1225 1037 1300 ubi·

81 1349 129 1418 vis
153 1353 385 1449 symmetrica
411 1349 589 1424 iubemur.
614 1350 659 1423 In
684 1349 899 1424 animalibus
916 1362 1037 1422 autem

82 1490 216 1568 quoque
240 1468 375 1544 dextris
392 1469 547 1571 pedibus
564 1472 810 1571 principatum
827 1493 921 1568 esse,
938 1469 1037 1544 Mos·

79 1608 162 1660 nous
187 1595 235 1684 (ι)
262 1591 397 1691 aliique
421 1591 496 1664 iam
517 1590 659 1665 dudum
674 1615 718 1664 ex
735 1616 778 1664 eo
796 1589 1034 1696 collegerunt,

81 1707 172 1804 quod
196 1735 306 1786 canes
318 1766 329 1809 ,
353 1713 450 1812 equi¹
463 1723 596 1784 etc..-et
615 1713 759 1811 priores
784 1734 847 1784 eos
870 1733 1038 1806 movere,

80 1823 202 1904 alteros
227 1830 363 1906 deinde
387 1844 626 1932 postponere,
652 1845 690 1904 et
712 1831 877 1904 insistere
901 1830 946 1902 iis
971 1830 1036 1902 im·

79 1947 196 2040 primis
221 1951 379 2026 soleant:
402 1953 577 2052 equidem
588 1950 807 2042 luculentius
823 1953 864 2024 in
880 1952 1036 2051 psittaco

79 2064 170 2166 vidi,
202 2097 314 2172 quem
347 2071 482 2146 diutius
514 2069 732 2146 observandi
764 2072 909 2144 occasio
941 2067 1012 2143 fuit
1024 2111 1062 2164 ,=
1108 2082 1112 2106 “

79 2184 136 2280 qui
160 2191 308 2288 quidem
322 2215 439 2265 omne
456 2204 664 2293 porrectum
679 2189 893 2265 alimentum
909 2186 1050 2260 dextro*

78 2303 162 2398 pede
188 2313 309 2384 tenuit
332 2313 461 2410 orique
485 2310 650 2386 admovit
662 2365 673 2410 ,
702 2289 897 2410 idemque,
921 2331 1036 2408 quum

78 2422 218 2505 sinistro
242 2432 515 2530 imposuissem,
538 2446 734 2532 antequam
752 2455 796 2506 eo
813 2442 1035 2524 vesceretur,

78 2565 213 2648 semper
237 2565 377 2650 rostro,
410 2565 499 2626 tunc
524 2554 657 2626 iterum
684 2551 810 2630 dextro
835 2573 954 2646 ungue
980 2573 1048 2620 oe·¹

76 2662 145 2762 pit,
179 2696 313 2747 somno
352 2672 493 2773 sopitus
531 2686 653 2746 autem
690 2670 809 2746 eidem
840 2668 928 2768 pedi
962 2666 1036 2739 fere

78 2803 215 2889 semper
239 2792 381 2866 institit
499 2843 504 2850 -

145 2914 171 2996 §.
206 2910 284 3010 147.
305 2909 427 2985 Altius
452 2913 575 3011 itaquo
598 2911 638 2984 in
662 2911 740 3012 ipsa
767 2909 928 3008 corporis
949 2907 1036 2978 inti·

77 3043 131 3098 ma
157 3033 423 3130 organisatione
457 3032 675 3106 discriminis
705 3027 905 3129 generalis,
935 3025 1035 3127 quod

78 3138 243 3224 dimidias
278 3153 355 3226 cius
391 3153 504 3252 partis
532 3149 750 3249 intercedit,
785 3171 853 3230 uec
880 3158 1035 3219 structu-

77 3283 133 3336 rae
171 3271 285 3372 ipsius
331 3274 631 3371 asymmetricae,
674 3289 742 3343 nec
781 3264 1036 3342 consuetudini

79 3377 199 3464 dextro
226 3390 330 3466 lateri
362 3389 588 3490 incubandi,
611 3405 689 3463 'nec
716 3387 873 3488 denique
905 3386 1034 3458 maiori

438 3654 697 3678 m

105 3785 143 3848 (¹)
161 3787 199 3842 tt
221 3791 293 3843 Vers.
312 3809 337 3844 a.
357 3789 485 3844 Athandt
504 3793 529 3840 ἃ.
548 3791 625 3858 vergi.
643 3751 720 3842 Anat
743 3804 813 3857 ¹79⁰·
832 3805 865 3858 p.v
879 3787 915 3842 ιθ.
