2614 4476
943 271 1004 345 131

21 373 23 434 {
96 394 335 490 observaverit,
350 406 388 467 et
401 395 497 467 inter
512 392 694 489 sexaginta
712 391 776 490 qni
792 389 922 464 eodem
947 406 1035 467 tem·

97 539 173 614 pore
197 513 430 588 decubuerint
454 512 632 586 exlatere
659 511 784 586 dextro
803 511 1038 612 quadraginta

98 633 177 709 duos
207 649 403 734 aegrotasse
436 633 673 708 Cneouourus
707 633 754 722 (1)
781 631 887 705 nobis
913 648 1040 708 auctor

83 756 141 828 =sit
163 757 345 830 Praeterea
370 755 505 828 sinistri
529 754 650 827 lateris
670 752 910 853 .pleuritidem
943 766 1041 827 atro·

96 876 228 980 eiorem
244 875 456 976 plenumque
474 899 585 970 esse,
612 897 721 982 quam
755 870 871 974 dextri
901 872 1038 971 lateris,

94 995 250 1068 Lonuros
277 999 324 1091 (2)
351 1009 458 1094 atque
485 994 686 1067 Turannius
721 993 768 1087 (3)
794 1007 975 1089 asserunt,
1000 995 1040 1066 in
1089 1007 1098 1022 '

93 1139 131 1188 eo
153 1129 270 1189 tamen
296 1113 529 1210 dissidentes,
556 1112 657 1212 quod
680 1111 741 1184 ille
759 1112 921 1185 sinistrae
940 1111 1042 1210 pleu-

93 1258 144 1308 rae
157 1233 479 1310 inflammationem
496 1234 602 1306 citius
618 1245 858 1306 maturescere
883 1255 925 1304 ao
950 1230 1044 1306 solvi

92 1351 200 1452 diost,
231 1353 294 1432 hie
332 1354 555 1429 eontrarium
595 1354 779 1426 sustineat
823 1350 894 1424 Sed
935 1349 1044 1426 liceat

91 1471 264 1572 Toumar,
301 1475 364 1574 qui
395 1477 435 1548 in
468 1499 578 1573 quam
611 1471 776 1572 plurimis
811 1473 924 1571 aegris
959 1470 1043 1544 diti-

91 1608 202 1688 genter
225 1592 319 1668 illud
344 1620 382 1668 se
409 1593 634 1690 observasse,
660 1618 728 1665 nec
754 1615 917 1690 unquam
935 1617 972 1664 se
990 1592 1044 1664 fe-

91 1711 210 1788 fellisse
251 1715 441 1812 augurium
479 1714 552 1810 ait,
587 1715 665 1811 ipsa
700 1737 883 1812 apponere
925 1710 1044 1786 verba.
1131 1758 1140 1774 ·

97 1863 112 1894 s
130 1832 313 1932 PleuritiS,
338 1834 478 1934 inquit,
504 1832 671 1907 dextrum
697 1845 737 1904 ut
765 1830 966 1932 plurimum
991 1830 1046 1902 la-

90 1983 104 2018 n
132 1967 187 2027 tus
212 1953 359 2028 obsidet
383 1968 421 2026 et
445 1968 523 2027 tum
539 1951 733 2050 benignior
758 1965 820 2024 est.
849 1951 1043 2026 Sinistrum

88 2101 213 2150 »voro
240 2077 356 2150 rarius
383 2073 562 2172 adoritur,
592 2071 659 2148 ubi
692 2083 815 2144 autem
848 2071 1045 2173 contingit,

88 2208 206 2270 ntum
231 2198 274 2270 in
299 2196 457 2269 atrocius
491 2194 688 2279 discrimen
722 2191 955 2266 adducuntur
986 2212 1045 2266 aee

40 2343 45 2364 ¹
87 2347 102 2380 n
130 2320 221 2412 groti
246 2330 286 2392 et
313 2315 465 2391 morbus
498 2315 634 2390 diutius
668 2315 792 2412 durat,
824 2316 1049 2402 contrarium

88 2467 103 2500 s
138 2436 224 2512 licet
258 2435 503 2510 statuentibus
532 2435 659 2534 Ruso,
687 2436 807 2510 Rauso
834 2447 871 2508 et
894 2435 1052 2520 Avens-

68 2581 102 2620 ὀ
131 2581 183 2630 ur.
208 2593 226 2624 n
260 2543 422 2632 Bourrus
449 2558 496 2650 (4)
523 2583 543 2629 e
570 2571 697 2631 contra
722 2544 774 2630 in¹
789 2556 916 2630 dextro
934 2555 1050 2630 latere

86 2676 291 2778 pleuritides
316 2680 508 2778 exquisitas
534 2681 647 2775 magis
674 2679 760 2751 oriri
785 2675 995 2772 affirmavit,
1013 2690 1051 2748 et

87 2799 154 2872 iam
177 2813 405 2874 vetustorum
429 2799 656 2872 medicorum
682 2797 771 2872 alios
797 2797 933 2895 dextri,
959 2794 1049 2870 alios

89 2919 218 2993 sinistri
246 2919 410 2993 dolorem
436 2918 603 2993 habuisse
635 2920 817 3018 peiorem,
843 2943 886 2990 ex
912 2917 1048 3021 Cannio

411 3185 731 3214 m

93 3442 130 3502 (ι)
146 3438 186 3493 Ei.
205 3438 310 3494 observ.
328 3455 364 3493 on
379 3437 427 3492 the
445 3437 515 3509 epid.
533 3437 647 3492 disceres
665 3438 693 3490 in
709 3438 829 3493 Minores
846 3457 873 3510 p.
891 3434 950 3505 adt.
1042 3457 1045 3468 ·

93 3529 129 3588 (a)
146 3525 186 3579 Ei.
204 3526 307 3582 observ.
327 3525 449 3582 medieiu.
469 3526 526 3580 tib.
545 3527 580 3578 11.
598 3545 624 3596 p.
648 3543 703 3579 120.

94 3611 131 3674 (3)
148 3614 177 3665 L.
196 3631 219 3666 e.
237 3613 272 3666 ef.
290 3631 317 3684 p.
340 3615 394 3668 160.

92 3697 130 3764 (4)
152 3699 191 3753 tu
214 3700 317 3756 observ.
341 3719 375 3756 ex
396 3701 501 3756 dissect.
523 3700 615 3754 codar.
639 3701 695 3756 obs.
713 3703 738 3769 4.
761 3701 799 3756 Cf.
817 3701 912 3756 Bonas
929 3700 1045 3771 sepulcr.

149 3797 219 3844 anat.
236 3789 294 3844 Lib.
312 3791 346 3846 11.
364 3790 434 3846 Sect.
451 3791 526 3845 v111.
545 3790 602 3844 obs.
620 3789 662 3856 4ο.
