2594 4474
250 307 294 358 ro

218 401 431 494 discrimen,
456 399 558 500 qnod
580 399 798 501 specialibus
821 403 862 474 in
886 404 1003 502 prima
1021 403 1177 503 explica-

218 525 264 596 tis
290 521 481 596 conficitur
505 535 542 594 et
566 521 691 596 adesse
715 525 789 596 iam
814 535 994 598 structura
1015 529 1182 624 corporis

106 715 108 720 ,
141 649 148 672 l
218 666 295 717 non
314 641 434 716 ubivis
454 643 685 753 symmetrica
702 627 988 742 demonstratur,
1010 647 1051 718 in
1072 648 1178 719 tertia

219 787 343 836 eruere
368 762 552 860 conabor,
585 763 745 866 vitiaque
757 816 768 860 ‚
801 761 847 836 de
873 761 1025 862 quibus,
1051 778 1182 864 utpote

218 903 295 955 non
319 881 455 956 morbis
473 879 638 956 dicendis
662 883 825 982 superius
851 884 907 981 agi
930 905 1007 957 non
1027 887 1183 984 poterit,

196 1003 357 1102 ¹primae
383 1002 609 1077 formationis
635 1002 926 1078 observatoribus
948 1005 989 1076 in
1011 1005 1056 1078 iis
1080 1003 1184 1080 baud
1294 1067 1295 1080 ,

220 1144 332 1222 acque
359 1123 566 1223 frequenter
590 1121 711 1196 oblata
736 1125 776 1196 in
802 1121 975 1196 auxilium
1000 1122 1091 1196 mibi
1118 1124 1183 1198 ad·

220 1240 371 1314 vocabo.
399 1240 516 1315 Grave
541 1265 627 1316 sane
660 1257 697 1315 et
727 1239 850 1340 magni
879 1245 1056 1316 momenti
1090 1259 1187 1319 esset

161 1445 164 1448 ,
219 1361 425 1459 inquirere,
448 1361 538 1462 quid
563 1387 692 1438 causae
717 1362 857 1462 subsit,
888 1376 931 1436 nt
961 1365 1002 1436 in
1035 1363 1188 1442 animali

219 1482 374 1554 maxime
398 1481 561 1582 perfecto
578 1485 699 1558 minus
715 1482 874 1584 perfecta
900 1485 949 1556 sit
972 1487 1186 1583 symmetria

220 1601 419 1700 eademque
444 1604 482 1674 in
508 1605 651 1702 organis
675 1605 872 1678 servationi
886 1601 1069 1678 individui
1086 1601 1186 1677 dicas

220 1723 266 1794 tis
291 1724 502 1821 praesertim
527 1709 682 1796 recedat.
699 1721 840 1814 Quibus
856 1748 941 1796 vero
963 1748 1075 1822 quum
1101 1722 1188 1799 lon-

221 1844 298 1940 gius
323 1841 544 1941 abducerer,
577 1845 617 1915 in
652 1867 695 1916 eo
728 1842 996 1918 subsistendum
1024 1847 1092 1915 erit
1104 1898 1118 1932 ,
1143 1844 1187 1918 nt

219 1960 441 2061 singularum
465 1964 624 2064 partium
648 1961 932 2036 declinationem
956 1961 1004 2034 ad
1021 1961 1188 2038 dextram

219 2083 446 2158 sinistramve
471 2109 555 2157 cum
579 2082 746 2182 reliquis,
763 2105 854 2183 quae
872 2081 1090 2171 offeruntur,
1116 2083 1187 2156 dif-

220 2201 381 2276 ferentiis
406 2203 599 2280 conciliare
624 2227 691 2303 pro
717 2203 813 2277 virili
840 2202 1015 2276 studeam.
1041 2201 1185 2288 Ibidem
1293 2219 1294 2240 ¹

221 2323 323 2398 locus
348 2327 417 2397 orit
440 2323 654 2420 generaliter
686 2323 926 2421 investigandi
960 2323 1050 2421 quid
1075 2349 1191 2416 usum

222 2445 404 2514 variarum
428 2445 587 2540 partium
611 2443 768 2538 varium,
795 2443 897 2514 cuius
918 2443 958 2513 in
976 2443 1211 2539 quaestione·
1293 2481 1294 2536 p

223 2560 381 2634 exhibita
409 2561 543 2634 diserte
564 2563 702 2634 mentio
729 2562 788 2657 fir,
813 2559 861 2632 ud
885 2558 1081 2660 gignendae
1106 2557 1187 2632 illas

224 2680 388 2756 conferre
414 2679 653 2754 iudicandum
678 2681 735 2754 sit
966 2699 967 2704 ’

297 2809 324 2892 5.
352 2801 385 2874 3.
411 2803 595 2904 Superest,
624 2815 665 2874 ut
690 2777 823 2900 scripla
841 2799 993 2898 allegam
1021 2799 1065 2872 de
1091 2825 1188 2881 mora

224 2921 281 2994 bis
307 2921 466 2996 bominis
493 2921 608 2996 dextri
633 2935 670 2994 et
695 2923 828 2994 sinistri
845 2945 888 2992 ex
905 2920 1067 3018 professo
1083 2945 1189 3019 agen·

226 3043 287 3113 tia.
315 3042 480 3132 Quorum
506 3041 704 3116 admodum
720 3065 920 3140 paucorum
937 3041 1096 3138 primum
1123 3065 1194 3132 no-¹

225 3161 442 3233 minandum
469 3162 578 3236 venit.
1148 3151 1151 3161 ¹

281 3303 331 3363 Du
360 3301 419 3364 Pur
447 3303 515 3363 diss.
543 3302 626 3364 med·
651 3301 690 3364 de
717 3303 844 3363 bomine
871 3301 974 3362 dextro
1000 3311 1031 3362 et
1058 3303 1188 3363 sinistro.

322 3410 418 3490 Lugd.
441 3407 505 3483 Bac
533 3406 664 3495 1780·—
677 3428 779 3472 recusa
801 3411 834 3468 iu
855 3392 1023 3468 Scaurum
1041 3401 1114 3468 ibes.
1135 3429 1190 3490 pa·

284 3523 288 3532 '
323 3513 397 3576 thol.
421 3516 534 3599 therap.
557 3515 595 3580 Τ.
617 3515 641 3576 Ι.
664 3513 720 3576 Nc.
745 3534 770 3578 ι.
803 3505 809 3510 ’

230 3619 420 3717 specimen
447 3644 531 3693 sane
558 3620 729 3698 eximium
762 3631 799 3690 et
830 3635 971 3693 summa
998 3642 1081 3694 cum
1108 3616 1189 3690 dili·

228 3739 345 3835 gentia
375 3753 581 3837 exaratum,
614 3740 653 3812 in
685 3759 757 3842 qno
790 3737 969 3842 imprimis
994 3738 1189 3810 sententias
