2614 4476
279 332 282 336 .
958 277 1025 354 155

98 395 344 496 obliquitatem
363 393 463 468 illam
480 397 593 496 uteri7
608 419 679 494 qua
696 393 812 469 tundo
828 395 1054 472 dextrorsum
1114 471 1116 478 ,

95 516 294 615 paullulum
324 515 485 590 discedat
496 530 508 607 3
541 517 696 588 maxime
721 515 929 590 naturalem
959 544 1053 617 esse,

95 651 167 708 tum
191 639 230 709 iu
256 637 478 736 virginibus,
501 651 579 710 tum
603 639 642 710 in
659 637 844 736 foeminis,
870 663 962 738 quae
988 665 1054 739 pe·

31 786 33 794 ·
93 772 272 856 parerent,
300 760 450 834 invenit.
477 757 687 834 Secundum
702 759 945 834 exactissimos
968 761 1055 860 Lip-

93 879 212 951 siensis
238 877 386 978 pridem
413 879 520 952 huius
554 878 751 954 anatomici
783 878 1053 980 disquisitiones

93 1023 163 1072 non
187 1000 326 1074 fundus
351 999 485 1098 solum,
510 998 575 1072 sed
600 1012 698 1072 totus
731 1012 852 1072 utems
885 999 934 1074 ad
967 1000 1054 1076 dex·

95 1132 185 1192 trum
210 1119 328 1220 pelvis
354 1120 447 1194 latus
473 1120 623 1220 propius
648 1144 759 1220 quam
791 1119 840 1194 ad
871 1119 1057 1214 sinistrum

95 1240 252 1340 aocedit,
287 1243 339 1314 ita
374 1255 415 1315 ut
450 1241 553 1316 laeva
584 1242 745 1316 matricis
776 1265 900 1340 margo
933 1239 1058 1316 medio

96 1357 163 1430 lere
195 1361 282 1436 loco
315 1364 356 1435 in
390 1361 489 1461 pelvi
525 1363 643 1461 po'sita
676 1363 734 1434 sit.
766 1360 852 1438 Non
888 1362 1057 1454 meminit

96 1476 164 1551 fere
190 1495 338 1556 uterum
362 1481 495 1558 vidisse
523 1484 565 1560 in
593 1506 684 1556 sano
704 1505 875 1583 ¹corpore
903 1507 987 1557 vere
1019 1483 1060 1556 in

96 1599 209 1673 media
234 1603 336 1702 pelvi
358 1602 593 1702 collocatum3
618 1599 642 1695 4
667 1602 726 1678 vel
742 1602 773 1677 ·5
801 1603 973 1702 exemplis
994 1628 1058 1678 au·

97 1730 164 1791 tem
196 1723 313 1796 talem
344 1724 420 1796 eius
451 1725 562 1796 situm
594 1726 754 1823 reperit,
787 1737 829 1796 ut
858 1749 879 1796 a
912 1724 1059 1800 sinistro

97 1839 205 1936 pelvis
246 1843 361 1918 latere
395 1847 544 1944 propius
582 1830 690 1944 quam
723 1869 743 1915 a
776 1843 902 1919 dextro
929 1842 1060 1918 distare
1124 1843 1130 1848 ’

98 1959 279 2040 rideretur.
309 1962 368 2038 vel
399 1989 484 2038 vere
518 1963 680 2039 distaret:
706 1978 785 2039 tum
810 1977 932 2036 autem
965 1965 1060 2036 inte·

97 2067 228 2158 stinum
253 2099 398 2160 rectum
423 2085 567 2184 quoque
592 2083 740 2163 insolito
765 2082 878 2158 modo
901 2080 1061 2157 dextror·
1127 2091 1130 2098 '

99 2223 175 2274 sum
210 2218 445 2279 recurvatum
478 2219 564 2278 erat.
597 2206 679 2298 Qua
712 2229 756 2276 ex
788 2202 1059 2300 observatione,

98 2318 309 2400 intestinum
334 2326 449 2399 hocce
475 2340 619 2399 tantum
650 2350 744 2400 non·
760 2350 904 2426 semper
928 2351 949 2398 a
974 2323 1062 2396 sini·

101 2451 166 2513 stra
191 2446 233 2518 in
258 2445 395 2546 pelvim
412 2444 635 2520 descendens
653 2469 777 2527 varam
792 2443 890 2520 illius
907 2470 928 2518 a
945 2443 1064 2545 pelvis

53 2566 55 2572 '
104 2563 156 2632 axi
173 2551 351 2642 'dextram
384 2591 507 2641 versus
540 2567 751 2643 deflexionis
785 2583 931 2639 carisam
962 2587 1065 2655 esse,

104 2703 209 2775 quam
233 2680 518 2756 luculentissime
544 2692 704 2779 apparet.

173 2807 200 2890 ᾖ.
233 2802 311 2876 115.
336 2801 391 2874 Ab
407 2817 509 2876 utero
527 2800 574 2873 ad
590 2801 712 2874 oraria
727 2823 786 2872 me
805 2796 1012 2896 conferam,
1028 2811 1066 2872 et

106 2917 150 2991 ad
174 2921 381 3023 hydropem
407 2923 555 3024 quidem
579 2920 713 3018 orarii,
731 2945 842 3020 quem
857 2921 897 2992 in
915 2920 1061 2992 sinistro

105 3034 212 3116 latere
236 3043 353 3118 multo
379 3045 520 3144 saepius
545 3029 827 3142 inveniriquam
853 3040 895 3132 inv
920 3037 1087 3137 dextro,·'

107 3158 368 3244 Monvourus
391 3170 438 3260 (ι)
464 3188 740 3239 numerosarum
769 3161 1066 3237 observationum

424 3555 427 3563 .
439 3537 738 3563 Μ

119 3743 245 3851 (¹)1oc.
262 3789 310 3862 Ep.
328 3789 370 3872 39.
387 3806 414 3844 u.
431 3788 472 3856 4ο.
