2586 4480
225 247 309 324 206:

200 363 349 446 delendi
373 377 411 438 et
434 361 632 440 humorum
655 365 848 440 circuitum
870 359 1159 467 promover'i'ae⁴¹

116 499 118 507 “
201 487 493 585 getationemque
518 484 700 584 roborari,
727 509 861 586 quaero
887 498 1011 559 tamen
1035 509 1081 557 ex
1104 499 1138 557 te
1150 541 1161 580 ,

56 623 68 640 ·
201 631 290 716 num
302 605 550 682 musculorum
565 604 755 680 brachium
767 619 805 678 et
820 605 953 705 pedem
968 604 1075 678 illum
1089 629 1163 678 mo·

200 728 364 802 rentium
381 726 607 827 frequentior
618 725 845 825 validiorque
861 726 1066 800 contractio
1082 747 1162 825 pos·

201 849 249 920 sit
271 848 383 927 etiam
407 848 446 920 in
473 846 646 944 cerebro,
678 845 875 946 pulmone,
901 847 1049 938 orario,
1074 857 1163 916 teste
1275 829 1276 860 ³

201 967 327 1045 dextro
359 966 601 1067 partibusque·
626 991 755 1040 eorum
786 967 915 1042 vicinis
951 966 1169 1064 sanguinem

202 1087 331 1162 fortius
348 1087 589 1183 circumagere
604 1099 642 1160 et
657 1087 800 1188 firmare
816 1083 1105 1184 vegetationeml
1119 1083 1165 1155 At

200 1231 395 1288 nervorum
419 1206 603 1281 musculos
619 1231 681 1281 eos
702 1207 922 1280 adeuntium*
940 1207 1165 1280 incitationis

195 1343 330 1404 ¹auctae
355 1342 392 1402 et
415 1309 628 1404 efficientiae
660 1328 706 1401 ab
737 1327 1029 1402 aberrationibus
1052 1331 1171 1429 magis

202 1463 300 1524 tutae
331 1448 552 1548 contendes,
585 1473 713 1522 omnes
744 1449 902 1550 reliquas
934 1452 1026 1523 eins'
1043 1450 1165 1524 lateris
1275 1491 1276 1498 κ

201 1591 373 1644 nervosas
397 1583 540 1670 partes,
571 1571 700 1643 intimo
733 1595 816 1644 cum
845 1571 934 1690 ipsis
959 1595 1165 1668 connexas,
1275 1613 1276 1632 κ

202 1691 398 1791 participes
422 1691 516 1787 lieri,
544 1713 676 1788 caque,
709 1714 779 1791 qua
810 1693 849 1763 in
885 1715 968 1766 vasa
998 1695 1179 1766 nutrieu·'

201 1814 252 1884 tia
277 1825 322 1915 et,
338 1812 560 1885 secernentia
584 1809 747 1911 polleant
759 1868 769 1907 ,
795 1814 959 1912 potentia
985 1811 1034 1886 ad
1059 1839 1166 1914 supe-

202 1933 336 2004 riorem
378 1929 506 2011 eadem
543 1930 681 2004 acriore
714 1931 884 2005 valorem.
901 1981 904 1986 -
919 1931 1003 2024 Quo
1043 1935 1166 2032 posito

201 2065 325 2125 antem
349 2051 587 2124 nihilominus
603 2052 642 2124 in
659 2054 840 2124 variarum
861 2051 1076 2151 specialium
1102 2052 1168 2126 dii·

203 2170 437 2244 ferentiarum
453 2171 678 2270 expositione
691 2168 918 2247 difficultates
944 2170 1169 2252 obiiciuntnr

201 2313 279 2365 non
298 2289 564 2390 superandae,
596 2285 748 2390 quarum
780 2291 933 2364 ulterior
972 2275 1166 2390 explicatio
1275 2299 1276 2306 ’

201 2434 289 2486 vero
322 2435 435 2508 quum
462 2409 606 2508 longius
639 2435 698 2483 me
732 2409 933 2483 obductura
963 2409 1097 2512 fuerit,
1129 2411 1166 2484 id
1275 2467 1276 2474 κ

202 2555 317 2604 unum
342 2527 454 2602 modo
484 2528 676 2626 adiiciam,
709 2555 755 2602 na
788 2531 829 2602 in
858 2553 1057 2604 'nervorum
1092 2533 1167 2636 qni·

204 2650 289 2724 dem
314 2649 461 2722 affectus
487 2648 577 2722 haee
602 2651 688 2722 satis
715 2649 915 2750 quadrare,
933 2651 1025 2749 qnia
1052 2653 1169 2725 scelo-

202 2769 335 2871 tyrbe,
360 2795 445 2842 cnm
470 2767 617 2868 reliquis
642 2791 770 2842 eorum
798 2768 1031 2870 idiopathicis
1056 2772 1098 2843 in
1124 2797 1166 2844 eo
1275 2831 1276 2840 ,

203 2890 459 2986 conveniens,
472 2887 572 2988 qnod
600 2887 743 2976 laevum
778 2890 1003 2988 frequentius
1035 2889 1167 2990 affligat

166 3051 170 3059 =
203 3011 316 3106 latus,
338 3009 496 3082 infantes
516 3007 730 3108 plerumque
750 3005 962 3108 prehendit,
988 3022 1026 3082 et
1050 3009 1168 3082 hemi-

204 3131 325 3204 crania
342 3128 524 3229 hystorico
541 3141 658 3201 aetate
674 3143 847 3229 prouecta
861 3127 907 3200 ab
923 3128 1041 3202 altero
1055 3129 1165 3204 latere

204 3249 245 3322 in
271 3247 423 3322 alterum
447 3249 560 3346 magis
586 3247 773 3322 concedat.
799 3249 975 3322 Omnium
1005 3249 1167 3347 gravissi·

204 3394 265 3448 ma
291 3367 447 3468 deniqne
473 3381 514 3442 ut
539 3367 702 3468 afferam,
728 3370 1164 3468 eo,quod·formationis

205 3492 316 3582 etiam
340 3490 428 3564 uitia
451 3487 569 3587 legem
594 3485 753 3588 aliquam
774 3483 992 3588 exhibeant,
1018 3515 1090 3590 qua
1115 3488 1164 3562 al·

208 3622 328 3682 terum
360 3608 455 3682 latus
490 3633 580 3710 prae
610 3606 722 3682 altero
755 3610 876 3708 potius
905 3623 1072 3708 teneant,
1107 3635 1164 3683 eo·

208 3753 298 3828 que,
323 3728 424 3830 qnod
448 3753 534 3802 naus
558 3741 703 3802 artuum
727 3728 935 3805 dextrorum
968 3725 1113 3830 maior,
1131 3745 1166 3802 et
