2614 4476
981 315 1048 391 117

124 405 293 481 ·acccdens
308 409 402 482 linea
421 408 483 482 ibi·
498 410 660 510 corporis
676 405 893 482 intermedia
918 406 1074 508 plerum·

127 552 190 625 que
213 530 432 604 exactissime
458 527 661 602 definiatur.
686 525 828 627 Ardor,
862 526 989 628 dolor,
1018 531 1075 603 su-

126 647 258 743 gacium
272 650 514 748 punctionum
539 673 684 746 sensus,
710 649 774 750 qui
798 650 839 724 in
857 649 950 723 cutis
971 665 1074 749 parte

126 767 242 840 affecta
266 767 444 870 aliquibus
469 768 597 843 diebus
615 770 845 868 eruptionem
870 769 948 841 eius
972 794 1076 867 prae-

127 887 277 985 cedunt,
311 889 454 963 dolores
488 891 609 988 saevi,
635 888 768 961 deinde
801 901 838 960 et
868 902 985 960 aestus
1017 891 1076 962 vix

124 1004 342 1106 tolerandus,
369 1022 523 1106 quantos
548 1010 587 1080 in·
614 1006 714 1078 nulla
741 1007 833 1078 cutis
850 1005 918 1077 alia
941 1007 1076 1080 efflore-

124 1129 251 1200 scentia
264 1128 583 1229 deprehendimuS,
597 1128 710 1226 etqui
726 1127 820 1223 ignis
833 1127 925 1200 sacri
939 1151 1075 1201 nomen

122 1245 331 1347 intulerunt,
356 1274 422 1348 per
446 1250 671 1347 eruptionem
691 1260 881 1346 totumque
907 1246 1075 1323 exanthe-

121 1367 219 1438 matis
235 1365 430 1440 decursum
448 1379 610 1464 aegrotos
624 1367 888 1463 excruciantes,
909 1390 1075 1464 gangrae-

120 1508 174 1586 na
195 1487 305 1568 etiam
337 1485 439 1559 haud
472 1511 553 1558 raro
586 1485 875 1560 exulcerantibus
907 1485 1074 1584 partibus

119 1607 385 1704 superveniens,
418 1604 513 1678 clare
546 1604 819 1704 demonstrant,
848 1619 1092 1704 quantopere·
1124 1667 1126 1673 .

118 1745 152 1792 nr
175 1722 246 1797 hcc
277 1749 364 1823 prae
396 1725 524 1818 ceteris
557 1724 725 1797 omnibus
761 1721 1072 1798 exanthematibus

118 1843 206 1914 cutis
229 1866 404 1918 nervosae
428 1857 549 1942 partes
574 1852 784 1940 aegrotent,
816 1855 991 1940 quantam
1016 1857 1086 1916 to·¹

117 1959 183 2034 tius
219 1962 370 2036 affectus
406 1976 548 2062 partem
584 1964 687 2036 nervi
724 1963 931 2060 suscipiant.
972 1963 1073 2052 Quae

116 2080 258 2176 quidem
284 2082 383 2158 viam
406 2081 512 2156 nobis
537 2079 755 2177 ostendunt,
780 2105 872 2180 quae
898 2079 947 2153 ad
971 2106 1072 2155 reve·

114 2193 257 2274 landam
284 2202 377 2297 forte
400 2226 525 2276 veram
548 2201 661 2273 mirae
685 2199 782 2273 illius
798 2199 933 2276 indolis
958 2202 1070 2275 ratio·

93 2307 193 2398 ‘nem
224 2321 387 2420 ineunda
418 2336 482 2396 est.
516 2321 630 2423 Supra
662 2320 820 2394 vidimus
831 2353 846 2418 ,·
874 2345 1071 2396 nervorum

113 2439 272 2538 morbos,
297 2443 337 2515 ni
363 2444 514 2516 omnino
531 2439 704 2540 generalis
721 2441 862 2514 affectio
879 2439 927 2513 ad
944 2467 1071 2516 eorum
1088 2491 1090 2498 ,
1110 2537 1112 2542 ι
1191 2511 1200 2528 ,

112 2573 275 2633 naturam
305 2555 503 2661 pertineat,
534 2586 644 2662 quam
676 2562 883 2660 saepissime
917 2560 1095 2634 alterum·

111 2680 218 2754 ruodo
242 2680 338 2755 latus
355 2680 543 2778 effligere,
576 2682 772 2779 omniaque
797 2695 1069 2780 symptomata,

112 2823 198 2896 quae
224 2825 269 2874 ex
293 2801 454 2875 solorum
479 2825 674 2876 nervorum
706 2799 839 2872 affectu
861 2799 1000 2898 fluant,
1030 2801 1070 2872 ni

112 2929 302 3018 utrumque
317 2917 411 2990 latus
427 2916 534 2992 simul
552 2932 731 3018 aegrotet,
753 2917 916 2992 medium
937 2944 1070 3018 corpus

111 3060 296 3137 nunqnam
312 3033 471 3110 transire.
497 3038 553 3110 Ex
570 3037 719 3137 quibus,
747 3052 789 3112 ut
804 3039 953 3137 opinor,
970 3039 1068 3112 recte

110 3156 306 3256 colligitur,
324 3183 518 3232 nervorum
540 3157 767 3232 dimidiatam
792 3157 1068 3258 dispositionem

109 3299 181 3358 esse
194 3333 205 3373 ,
238 3301 329 3376 quae
363 3277 589 3349 dimidiatam
622 3280 768 3350 costeris
802 3279 1091 3378 apparitionem·
1135 3277 1139 3284 ’

108 3395 253 3495 efficiat,
284 3421 351 3470 nec
376 3398 499 3496 inepte
526 3399 741 3491 coniicitur,
774 3424 795 3470 a
827 3396 913 3484 solis
947 3398 1067 3480 nervis

108 3513 165 3587 hic
192 3519 472 3594 exirevasorum
493 3520 585 3590 cutis
611 3518 847 3590 affectionem.
874 3518 996 3616 Aeque
1023 3518 1080 3589 ac‘

109 3631 326 3709 hemicrania
359 3651 396 3710 ct
428 3635 655 3737 prosopalgia
684 3661 873 3735 nunquam
898 3650 997 3714 trans
1021 3635 1066 3708 li-

111 3776 213 3860 neam
230 3757 391 3858 corporis
407 3755 660 3834 intermediam
677 3757 935 3866 proiiciuntur,
956 3781 1064 3856 zoua,
