2614 4476
957 311 1025 413 147

105 419 381 536 disquisitionem
404 432 475 507 sibi
500 443 667 508 constare
693 429 859 529 videtur,
891 453 939 505 au
951 486 962 530 7
996 435 1051 506 uti

104 556 253 632 Cauaras
280 569 317 630 et
346 555 567 628 Wnrssnaor'r
601 551 873 628 observationes
899 551 1055 629 edocere

101 675 282 776 ridentur,
314 674 527 776 plerumque
558 675 638 774 pari
676 672 789 772 gradu
825 675 866 746 in
898 684 1054 775 utroque

100 795 200 870 latere
224 811 363 870 meatus
387 795 485 869 iilius
501 793 709 869 obliteratio
724 791 915 893 procedat,
938 797 1054 870 rarius

101 918 135 991 in
157 916 285 1016 altero,
311 916 375 992 sed
400 916 528 992 dextro
551 913 784 1016 plerumque,
810 914 1000 990 tardescat.

164 1045 189 1128 t,
221 1062 299 1138 107.
327 1038 491 1138 Suspicio
518 1061 561 1110 ex
585 1034 687 1108 hisce
712 1035 846 1133 oritur,
862 1037 984 1134 ipsum
1001 1049 1056 1110 te-

101 1171 183 1232 stem
206 1157 373 1234 dextrum
398 1159 485 1255 iter,
511 1155 611 1257 quod
624 1157 664 1229 in
679 1169 840 1230 scrotum
864 1155 1057 1230 intenden·
1142 1227 1145 1236 Δ
1250 1133 1254 1140 ’

100 1277 179 1353 dum
202 1295 267 1379 est,
292 1293 330 1354 et
354 1280 468 1353 serius
483 1292 520 1351 et
535 1279 679 1376 segnius
696 1277 875 1352 conficere
896 1277 1055 1366 sinistam,

100 1425 202 1502 eaque
227 1427 272 1476 eo
306 1424 525 1500 magnopere
555 1401 675 1499 augeri
704 1413 814 1500 atque
848 1400 1056 1474 confirmari

99 1521 247 1623 videtur,
273 1520 376 1622 quod
400 1542 475 1594 non
501 1520 613 1594 modo
639 1523 734 1594 inter
753 1519 901 1620 poillos
919 1546 1055 1595 neona-

100 1657 149 1720 tos
172 1671 193 1718 a
219 1644 391 1720 Canrrao
418 1641 594 1716 dissectos
609 1641 724 1714 tribus
741 1641 887 1738 dexter,
912 1641 1057 1718 duobus

99 1769 258 1867 uterque,
286 1765 430 1837 sinister
454 1764 555 1846 testis
580 1787 666 1837 vero
691 1760 782 1835 nulii
801 1763 841 1834 in
860 1761 1058 1838 abdomine

99 1885 190 1958 solus
214 1885 381 1960 latuerit:
406 1883 472 1958 sed
496 1881 597 1985 quod
625 1881 877 1956 Wnrsnrncrus
912 1907 1059 1983 quoque

98 2004 229 2094 scamna
254 2005 505 2106 descripserit,
530 2003 589 2077 cai
615 2017 768 2102 uterque
788 2003 890 2078 testis
907 2002 1057 2105 quidem

98 2125 274 2204 abdomen
300 2149 461 2228 egressus
484 2137 595 2223 esset,
621 2123 744 2198 dexter
761 2147 847 2200 vero
875 2122 972 2200 sacili
997 2149 1060 2223 ne·

97 2250 188 2344 gotio
206 2257 208 2260 ’
227 2263 303 2350 per'¹
333 2245 499 2350 apertum
536 2269 749 2345 processum
782 2246 983 2346 peritonaei
1018 2247 1058 2320 in

98 2367 275 2444 abdomen
292 2367 427 2469 'repelli
460 2381 601 2467 posset,
626 2368 770 2440 sinister
802 2391 1057 2469 nequaquam:

98 2491 190 2587 quod
220 2489 602 2564 Ili-Brumnnacurns
637 2489 705 2585 (r),
735 2485 932 2588 aliquando
971 2490 1058 2560 sini·

98 2623 206 2685 strum
232 2625 362 2686 testem
387 2612 428 2682 in
453 2623 613 2685 scrotum
646 2607 859 2708 delapsum,
893 2607 1060 2682 dextrum

96 2730 161 2829 ipsi
174 2731 292 2806 canali
305 2730 481 2829 inguinali
496 2729 750 2804 inhaerentem
766 2715 1058 2830 deprehenderit:

100 2853 194 2950 quod
217 2867 256 2926 et
282 2852 502 2928 Souanonnus
535 2853 575 2924 in
606 2874 721 2950 puero
747 2876 773 2950 9
802 2850 983 2924 mensium
1000 2849 1062 2921 si·

97 2972 250 3048 nistrum
275 2985 405 3046 testem
430 2985 547 3070 extra,
573 2971 739 3045 dextrum
763 2972 859 3044 intra
877 2969 1061 3044 abdomen

97 3095 276 3191 repererit.
303 3094 404 3184 Quae
431 3092 663 3193 quantumvis
686 3089 786 3164 'licet'
800 3090 934 3163 sinistri
961 3090 1062 3162 testis

99 3213 255 3308 priorem
290 3191 505 3286 descensum
544 3211 743 3310 suadeant,
776 3209 898 3283 obstat
937 3223 1060 3292 tamen

99 3333 184 3428 quin
209 3359 293 3406 euna
320 3334 564 3434 accipiamus,
587 3331 687 3432 qaod
719 3329 969 3406 Warsnnasrus
1004 3332 1062 3402 in-

101 3443 153 3526 ter
174 3455 242 3530 103
267 3453 439 3556 puerulos
464 3467 657 3549 neonatos‚
684 3476 841 3552 quorum
859 3451 1061 3554 virentium

411 3703 747 3738 -u-fl-u-n--u

105 3843 142 3908 (1)
159 3842 197 3898 Ei.
214 3844 297 3902 instit
316 3847 463 3919 physiolog.
481 3849 509 3916 ς.
527 3850 585 3920 squ
