2594 4474
282 264 326 339 16

249 381 469 486 sympathici
490 379 586 454 rami'
607 379 781 482 quemad
803 380 959 480 reliquos
985 404 1114 456 nervos
1140 384 1212 458 me·
1287 409 1288 416 ¹

251 504 371 579 dullae
397 501 555 602 spinalis,
581 544 632 560 --
649 502 835 576 Sentiendi
860 500 1040 574 facultatis
1067 527 1108 576 ac
1136 531 1212 578 sen·

250 653 310 705 sus
347 623 507 722 organici
543 625 642 696 varia
659 625 787 720 lvitia,
825 647 938 724 eaque
975 625 1210 722 praesertim,

245 771 340 846 quae
372 745 492 818 nervis
525 745 686 817 cutaneis
718 743 899 840 insident,
937 741 1067 822 eodem
1098 745 1209 818 modo

249 891 325 944 non
350 891 387 938 se
412 863 571 961 habent,
603 864 667 970 seri
698 866 833 964 pariter
862 862 1055 936 dimidium
1087 863 1208 937 thora-

239 960 330 1062 cem
354 985 516 1058 afficiunt
549 1010 590 1058 ac
624 984 828 1060 brachium·
847 984 1000 1080 alterum
1032 983 1091 1060 vel
1124 984 1207 1058 colli

247 1119 285 1178 et
300 1104 416 1178 ¹faciei
442 1103 594 1178 alterum
620 1103 723 1178 latus.
802 1144 807 1154 ·

506 1359 509 1378 ²
532 1347 563 1420 I.
590 1347 647 1420 De
674 1353 760 1422 vitiis
785 1346 925 1420 cerebri.

319 1593 345 1678 §.
372 1589 406 1660 8.
433 1589 661 1686 Inquisituris
684 1586 789 1660 nobis
796 1641 806 1683 ‚
833 1612 897 1658 cur
914 1585 1125 1661 moritorum
1150 1617 1205 1690 sy·
1287 1577 1288 1600 ¹

245 1708 405 1786 stematis
422 1710 584 1803 nervosi,
602 1701 655 1779 ‘de
674 1705 804 1806 quibus
821 1693 904 1780 mox
922 1702 1117 1806 agendum,
1145 1710 1204 1782 alii

243 1827 409 1902 dextrum
435 1827 657 1927 frequentius
683 1825 840 1900 afficiant
872 1823 990 1924 latus,
1020 1831 1203 1902 sinistrum
1287 1823 1288 1846 ¹

243 1947 322 2044 alii,
340 1947 477 2022 cerebri
495 1949 658 2043 etiam„e
674 1971 748 2045 quo
768 1960 843 2018 tam
860 1946 1066 2046 frequenter
1083 1950 1203 2023 oriun-

244 2079 319 2163 tur,
346 2069 517 2141 vitiorum
550 2068 642 2140 ratio
672 2065 839 2138 habenda
867 2080 921 2140 est
947 2066 1110 2140 sensibus
1137 2093 1204 2142 no·

242 2188 324 2260 stris
341 2211 417 2259 non
434 2213 472 2258 se
492 2185 780 2267 subducentium.
807 2187 921 2287 Saepe
938 2187 1086 2286 quidem
1105 2187 1204 2289 quod
1287 2253 1288 2304 t

242 2307 281 2378 in
319 2305 456 2378 cerebri
493 2307 640 2406 eiusque
658 2345 660 2352 ·
679 2308 883 2380 tunicarum
917 2309 1203 2406 perscrutatione
1287 2311 1288 2402 g

240 2425 402 2512 morbosi
436 2425 495 2499 vel
525 2426 730 2500 inconsueti
764 2426 869 2499 nobis
906 2430 1087 2525 occurrit,
1115 2421 1202 2501 'non

241 2569 373 2644 causa,
406 2546 471 2620 sed
496 2546 640 2646 sequela
672 2561 726 2623 est
751 2546 895 2645 morbi,
928 2572 1033 2648 saepe
1059 2546 1202 2620 nullum
1287 2569 1288 2648 ᾗ

241 2665 440 2765 detegimus
465 2669 618 2765 vitium,
641 2667 748 2741 'unde
772 2667 941 2754 morbum
966 2665 1202 2767 praeteritum
1287 2661 1288 2686 ¹

242 2786 445 2868 derivemus
454 2843 464 2886 ,
488 2787 671 2861 interdum
687 2787 746 2864 vel
762 2813 908 2886 magnas
925 2789 1121 2888 reperimus
1143 2788 1202 2862 de·

240 2908 469 2980 structiones-
486 2907 636 2980 mininte
650 2919 909 3008 exspectatas,
945 2933 1058 3008 quum
1086 2907 1200 2982 homo
1287 2981 1288 2986 ,

138 3078 140 3083 -
240 3027 343 3113 ‘sirus
368 3025 510 3099 nullum
534 3022 739 3126 praebuerit
761 3043 986 3128 symptoma‚
1012 3055 1032 3102 e
1057 3053 1131 3128 quo
1157 3028 1200 3100 il·
1287 3111 1288 3130 χ

238 3145 291 3218 las
317 3148 494 3246 suspicari
519 3150 784 3250 potuissemus3
810 3147 981 3222 attamen.
994 3149 1096 3223 haud
1119 3174 1200 3228 raro
1287 3131 1288 3148 ¹

162 3267 163 3272 ’
239 3268 349 3340 etiam
375 3265 544 3345 dissectio
576 3268 759 3342 cadaveris
785 3295 909 3344 veram
932 3269 1038 3350 nobis
1063 3269 1200 3344 revelat
1287 3321 1288 3334 r

241 3412 387 3465 causam
420 3386 757 3488 phaenomenorum
789 3403 945 3464 mortem
975 3413 1201 3490 praegresso·
1232 3378 1236 3384 ¹

238 3532 329 3584 rum.
364 3508 522 3608 Quoquo
548 3523 669 3583 autem
700 3510 790 3583 haec
816 3537 853 3584 se
879 3510 1037 3583 habeant
1062 3510 1197 3608 modo,
1287 3529 1288 3564 ἢ

239 3625 287 3698 ad
311 3641 475 3701 nostrum
500 3630 610 3702 finem
635 3630 766 3704 referet
784 3632 1008 3730 investigare
1020 3687 1032 3731 ,
1064 3657 1113 3705 an
1144 3633 1198 3707 vi·

239 3747 296 3824 tia,
315 3746 467 3849 cerebri,
491 3751 631 3825 ratione
647 3751 869 3852 frequentiae
890 3754 928 3826 in
947 3751 1058 3828 altero
1086 3753 1196 3828 latere
