2614 4476
967 292 1028 336 ιω

99 387 201 488 spina
217 384 266 466 ad
292 398 457 466 donnum
478 397 515 458 et
539 367 672 458 lineam
690 381 810 456 albam
831 383 1070 482 progrediem.

99 523 151 580 tes
175 506 294 606 legere
318 505 471 579 videtur.
497 505 572 578 Nec
588 527 665 580 non
681 529 725 577 ex
740 506 893 597 transito
907 505 1059 578 ¹affectus

64 687 66 690 .
99 654 118 698 a
142 652 257 700 nervo
271 625 504 726 ¹sympathioo
530 625 577 696 ad
602 624 848 716 inteseostales
869 623 979 718 fluere
1005 631 1060 700 vi-

45 743 46 756 *
75 747 223 844 detur,
251 773 316 820 cur
341 747 441 846 prius
468 745 732 843 utplurimum
765 744 913 822 dorsum
938 773 1061 834 versus

99 892 210 968 qoam
234 893 348 967 prope
367 866 501 947 lineam
518 865 637 938 albam
653 866 878 966 postularam
895 868 1062 966 corymbi

100 1000 295 1086 erunnpaut
320 990 379 1078 (il

111 1183 114 1186 ,
147 1115 174 1196 §.
202 1107 261 1182 85.
289 1105 400 1196 Quod
425 1105 572 1178 tandem
599 1104 645 1178 ad
670 1103 763 1178 latus
789 1109 937 1204 attinet,
963 1110 1064 1207 quod

99 1253 187 1326 prae
213 1226 328 1301 altero
355 1239 477 1302 zoster
509 1227 632 1325 potius
667 1224 806 1316 allicere
840 1228 954 1326 solet,
981 1231 1065 1300 Rei-

98 1345 1062 1445 amfflmmmmmmmmmffimffl

98 1469 197 1554 uicis,
219 1448 410 1564 descripsit
435 1479 472 1537 et
499 1465 654 1538 aliorum
688 1469 727 1560 in
760 1481 916 1544 tractatu
943 1469 988 1542 de
1015 1472 1064 1542 l'e·

98 1586 238 1680 hribus
251 1587 436 1683 meminit,
469 1611 490 1657 a
521 1585 638 1686 laevo
658 1586 768 1662 latere
802 1615 839 1662 se
869 1613 957 1662 eum
991 1591 1064 1664 fere

99 1731 245 1806 semper
270 1704 474 1780 observasse
501 1705 654 1780 affirmat
679 1713 751 1805 (2),
777 1709 946 1808 idemque
972 1710 1065 1786 latus

91 1830 206 1923 esse,
240 1827 339 1926 quod
375 1828 415 1898 in
450 1828 657 1904 universum
688 1853 800 1918 zonae
833 1855 920 1928 prae
952 1831 1066 1904 altero

98 1949 217 2046 magis
243 1931 441 2022 obnoxium
466 1949 530 2044 sit,
555 1973 599 2022 eo
627 1947 947 2049 probatup„quod
972 1955 1068 2028 inter

100 2066 1137 2174 mmmmmmfimfflmmmnpffimnfflm·'

100 2203 184 2260 tum
207 2201 280 2284 est,
307 2186 493 2286 quodnam
518 2186 612 2260 latus
633 2187 803 2262 affectum
820 2189 944 2290 fuerit,
972 2197 1069 2292 apud

100 2309 222 2380 varios
257 2319 422 2384 auctores
453 2303 545 2380 mihi
571 2307 718 2400 obviam
749 2307 862 2408 latas,
888 2312 928 2384 in
961 2314 1003 2387 16
1028 2317 1069 2388 in

102 2430 269 2525 sinistro,
294 2428 334 2498 in
359 2453 384 2526 9
401 2441 542 2500 tantum
559 2430 600 2501 in
617 2427 744 2518 dextro
761 2430 874 2504 latere
897 2436 1070 2516 exanthe-

101 2573 160 2620 ma
190 2547 403 2621 effloruerat.
429 2545 538 2620 Unde
563 2549 709 2646 itasit,
736 2549 915 2626 difficilius
942 2579 1069 2628 ernen-

102 2667 194 2740 dum
220 2666 373 2741 videtur.
408 2663 563 2740 Sinistro*
591 2666 697 2740 lateri
721 2667 891 2768 adiacens
921 2672 1070 2772 aliquod

103 2789 247 2883 viscus,
280 2785 393 2859 veluti
417 2787 782 2887 renemsinistrum,
805 2789 962 2892 lienem,
997 2795 1068 2868 fre-

105 2908 275 3006 quentius
302 2920 489 3004 aegrotans
520 2908 656 3010 insui
680 2907 814 3012 vieinia
844 2910 1068 3012 frequentius

104 3050 238 3105 zonam
262 3027 416 3102 excitare
432 3028 608 3128 suspicari
628 3051 759 3129 posses.-
786 3029 876 3106 Fere
900 3032 1068 3132 probabi·

105 3145 175 3220 lius
201 3159 323 3219 antem
348 3149 510 3248 accipere
534 3147 723 3248 videmur,
756 3148 911 3224 eandem
937 3133 1067 3230 nervo·

100 3291 189 3340 rum
203 3266 260 3370 ,in
292 3268 435 3342 sinistro
461 3267 571 3344 latere
603 3271 780 3365 maiorem
804 3271 1065 3374 mobilitatem,

446 3555 750 3580 m

111 3709 152 3769 (ι)
170 3707 276 3760 Diania
293 3709 310 3760 l.
329 3725 351 3761 c.
370 3736 404 3752 -··
420 3709 482 3764 Rsu.
500 3710 518 3762 1.
536 3721 558 3762 e.
577 3726 602 3780 p.
622 3707 683 3792 393ss

111 3797 153 3860 (π)
170 3795 199 3854 k.
218 3812 240 3846 0·
260 3813 285 3865 n
305 3797 362 3865 ³9³·
588 3839 606 3892 ¹.

238 3907 262 3958 J.
281 3909 482 3962 Frank-Vol.
502 3909 522 3959 l.
